%YAML 1.1
%TAG !u! tag:unity3d.com,2011:
--- !u!1 &61946962
GameObject:
  m_ObjectHideFlags: 0
  m_CorrespondingSourceObject: {fileID: 0}
  m_PrefabInstance: {fileID: 0}
  m_PrefabAsset: {fileID: 0}
  serializedVersion: 6
  m_Component:
  - component: {fileID: 61946963}
  - component: {fileID: 61946966}
  - component: {fileID: 61946965}
  - component: {fileID: 61946964}
  - component: {fileID: 4813188755708514676}
  m_Layer: 0
  m_Name: Canvas
  m_TagString: Untagged
  m_Icon: {fileID: 0}
  m_NavMeshLayer: 0
  m_StaticEditorFlags: 0
  m_IsActive: 1
--- !u!224 &61946963
RectTransform:
  m_ObjectHideFlags: 0
  m_CorrespondingSourceObject: {fileID: 0}
  m_PrefabInstance: {fileID: 0}
  m_PrefabAsset: {fileID: 0}
  m_GameObject: {fileID: 61946962}
  m_LocalRotation: {x: 0, y: 0, z: 0, w: 1}
  m_LocalPosition: {x: 0, y: 0, z: 0}
  m_LocalScale: {x: 0, y: 0, z: 0}
  m_Children:
  - {fileID: 3716945049184021619}
  - {fileID: 1913084083702568401}
  - {fileID: 4763994631013208532}
  m_Father: {fileID: 1892919508}
  m_RootOrder: 1
  m_LocalEulerAnglesHint: {x: 0, y: 0, z: 0}
  m_AnchorMin: {x: 0, y: 0}
  m_AnchorMax: {x: 0, y: 0}
  m_AnchoredPosition: {x: 0, y: 0}
  m_SizeDelta: {x: 0, y: 0}
  m_Pivot: {x: 0, y: 0}
--- !u!223 &61946966
Canvas:
  m_ObjectHideFlags: 0
  m_CorrespondingSourceObject: {fileID: 0}
  m_PrefabInstance: {fileID: 0}
  m_PrefabAsset: {fileID: 0}
  m_GameObject: {fileID: 61946962}
  m_Enabled: 1
  serializedVersion: 3
  m_RenderMode: 0
  m_Camera: {fileID: 0}
  m_PlaneDistance: 100
  m_PixelPerfect: 0
  m_ReceivesEvents: 1
  m_OverrideSorting: 0
  m_OverridePixelPerfect: 0
  m_SortingBucketNormalizedSize: 0
  m_AdditionalShaderChannelsFlag: 0
  m_SortingLayerID: 0
  m_SortingOrder: 0
  m_TargetDisplay: 0
--- !u!114 &61946965
MonoBehaviour:
  m_ObjectHideFlags: 0
  m_CorrespondingSourceObject: {fileID: 0}
  m_PrefabInstance: {fileID: 0}
  m_PrefabAsset: {fileID: 0}
  m_GameObject: {fileID: 61946962}
  m_Enabled: 1
  m_EditorHideFlags: 0
  m_Script: {fileID: 11500000, guid: 0cd44c1031e13a943bb63640046fad76, type: 3}
  m_Name: 
  m_EditorClassIdentifier: 
  m_UiScaleMode: 1
  m_ReferencePixelsPerUnit: 100
  m_ScaleFactor: 1
  m_ReferenceResolution: {x: 1920, y: 1080}
  m_ScreenMatchMode: 0
  m_MatchWidthOrHeight: 1
  m_PhysicalUnit: 3
  m_FallbackScreenDPI: 96
  m_DefaultSpriteDPI: 96
  m_DynamicPixelsPerUnit: 1
--- !u!114 &61946964
MonoBehaviour:
  m_ObjectHideFlags: 0
  m_CorrespondingSourceObject: {fileID: 0}
  m_PrefabInstance: {fileID: 0}
  m_PrefabAsset: {fileID: 0}
  m_GameObject: {fileID: 61946962}
  m_Enabled: 1
  m_EditorHideFlags: 0
  m_Script: {fileID: 11500000, guid: dc42784cf147c0c48a680349fa168899, type: 3}
  m_Name: 
  m_EditorClassIdentifier: 
  m_IgnoreReversedGraphics: 1
  m_BlockingObjects: 0
  m_BlockingMask:
    serializedVersion: 2
    m_Bits: 4294967295
--- !u!114 &4813188755708514676
MonoBehaviour:
  m_ObjectHideFlags: 0
  m_CorrespondingSourceObject: {fileID: 0}
  m_PrefabInstance: {fileID: 0}
  m_PrefabAsset: {fileID: 0}
  m_GameObject: {fileID: 61946962}
  m_Enabled: 1
  m_EditorHideFlags: 0
  m_Script: {fileID: 11500000, guid: fc576d4d0d55b4f42b780df7afe978b7, type: 3}
  m_Name: 
  m_EditorClassIdentifier: 
  dialogues:
  - dialogCanvas: {fileID: 3716945049184021619}
    interactability: {fileID: 507375277647747101}
    focusTarget: {fileID: 1159396830211393288}
    dialogueRunner: {fileID: 3716945049184021516}
  - dialogCanvas: {fileID: 1913084083702568401}
    interactability: {fileID: 3897404583887974652}
    focusTarget: {fileID: 1177002863132316725}
    dialogueRunner: {fileID: 1913084083702568366}
  - dialogCanvas: {fileID: 4763994631013208532}
    interactability: {fileID: 322295954837575796}
    focusTarget: {fileID: 1159396830211393288}
    dialogueRunner: {fileID: 4763994631013208491}
--- !u!1 &1719793615
GameObject:
  m_ObjectHideFlags: 0
  m_CorrespondingSourceObject: {fileID: 0}
  m_PrefabInstance: {fileID: 0}
  m_PrefabAsset: {fileID: 0}
  serializedVersion: 6
  m_Component:
  - component: {fileID: 1719793616}
  m_Layer: 0
  m_Name: Searching
  m_TagString: Untagged
  m_Icon: {fileID: 0}
  m_NavMeshLayer: 0
  m_StaticEditorFlags: 0
  m_IsActive: 1
--- !u!4 &1719793616
Transform:
  m_ObjectHideFlags: 0
  m_CorrespondingSourceObject: {fileID: 0}
  m_PrefabInstance: {fileID: 0}
  m_PrefabAsset: {fileID: 0}
  m_GameObject: {fileID: 1719793615}
  m_LocalRotation: {x: 0, y: 0, z: 0, w: 1}
  m_LocalPosition: {x: 0, y: 0, z: 0}
  m_LocalScale: {x: 1, y: 1, z: 1}
  m_Children:
  - {fileID: 6984564120347875093}
  m_Father: {fileID: 2748817393516502664}
  m_RootOrder: 0
  m_LocalEulerAnglesHint: {x: 0, y: 0, z: 0}
--- !u!1 &1892919507
GameObject:
  m_ObjectHideFlags: 0
  m_CorrespondingSourceObject: {fileID: 0}
  m_PrefabInstance: {fileID: 0}
  m_PrefabAsset: {fileID: 0}
  serializedVersion: 6
  m_Component:
  - component: {fileID: 1892919508}
  m_Layer: 0
  m_Name: Found
  m_TagString: Untagged
  m_Icon: {fileID: 0}
  m_NavMeshLayer: 0
  m_StaticEditorFlags: 0
  m_IsActive: 1
--- !u!4 &1892919508
Transform:
  m_ObjectHideFlags: 0
  m_CorrespondingSourceObject: {fileID: 0}
  m_PrefabInstance: {fileID: 0}
  m_PrefabAsset: {fileID: 0}
  m_GameObject: {fileID: 1892919507}
  m_LocalRotation: {x: 0.70710707, y: -0, z: -0, w: 0.70710653}
  m_LocalPosition: {x: 0, y: 0, z: -0.161}
  m_LocalScale: {x: 0.05, y: 0.05, z: 0.05}
  m_Children:
  - {fileID: 1159396830211393288}
  - {fileID: 61946963}
  - {fileID: 8820550844956142761}
  - {fileID: 1177002863132316725}
  m_Father: {fileID: 8337503713589997873}
  m_RootOrder: 0
  m_LocalEulerAnglesHint: {x: 0, y: 0, z: 0}
--- !u!1 &36843603445547955
GameObject:
  m_ObjectHideFlags: 0
  m_CorrespondingSourceObject: {fileID: 0}
  m_PrefabInstance: {fileID: 0}
  m_PrefabAsset: {fileID: 0}
  serializedVersion: 6
  m_Component:
  - component: {fileID: 4562562135690837892}
  - component: {fileID: 6107673266054681289}
  - component: {fileID: 8638890896099427288}
  m_Layer: 0
  m_Name: Body
  m_TagString: Untagged
  m_Icon: {fileID: 0}
  m_NavMeshLayer: 0
  m_StaticEditorFlags: 0
  m_IsActive: 1
--- !u!224 &4562562135690837892
RectTransform:
  m_ObjectHideFlags: 0
  m_CorrespondingSourceObject: {fileID: 0}
  m_PrefabInstance: {fileID: 0}
  m_PrefabAsset: {fileID: 0}
  m_GameObject: {fileID: 36843603445547955}
  m_LocalRotation: {x: 0, y: 0, z: 0, w: 1}
  m_LocalPosition: {x: 0, y: 0, z: 0}
  m_LocalScale: {x: 1, y: 1, z: 1}
  m_Children: []
  m_Father: {fileID: 6764268046961724139}
  m_RootOrder: 2
  m_LocalEulerAnglesHint: {x: 0, y: 0, z: 0}
  m_AnchorMin: {x: 0.5, y: 0.5}
  m_AnchorMax: {x: 0.5, y: 0.5}
  m_AnchoredPosition: {x: 0, y: 0}
  m_SizeDelta: {x: 143, y: 451}
  m_Pivot: {x: 0.5, y: 0.5}
--- !u!222 &6107673266054681289
CanvasRenderer:
  m_ObjectHideFlags: 0
  m_CorrespondingSourceObject: {fileID: 0}
  m_PrefabInstance: {fileID: 0}
  m_PrefabAsset: {fileID: 0}
  m_GameObject: {fileID: 36843603445547955}
  m_CullTransparentMesh: 0
--- !u!114 &8638890896099427288
MonoBehaviour:
  m_ObjectHideFlags: 0
  m_CorrespondingSourceObject: {fileID: 0}
  m_PrefabInstance: {fileID: 0}
  m_PrefabAsset: {fileID: 0}
  m_GameObject: {fileID: 36843603445547955}
  m_Enabled: 1
  m_EditorHideFlags: 0
  m_Script: {fileID: 11500000, guid: fe87c0e1cc204ed48ad3b37840f39efc, type: 3}
  m_Name: 
  m_EditorClassIdentifier: 
  m_Material: {fileID: 0}
  m_Color: {r: 1, g: 1, b: 1, a: 1}
  m_RaycastTarget: 1
  m_RaycastPadding: {x: 0, y: 0, z: 0, w: 0}
  m_Maskable: 1
  m_OnCullStateChanged:
    m_PersistentCalls:
      m_Calls: []
  m_Sprite: {fileID: 8792938516410948840, guid: b9dfe3dc5556df449bd0ec2e6fadf986, type: 3}
  m_Type: 0
  m_PreserveAspect: 0
  m_FillCenter: 1
  m_FillMethod: 4
  m_FillAmount: 1
  m_FillClockwise: 1
  m_FillOrigin: 0
  m_UseSpriteMesh: 0
  m_PixelsPerUnitMultiplier: 1
--- !u!1 &165890846008248505
GameObject:
  m_ObjectHideFlags: 0
  m_CorrespondingSourceObject: {fileID: 0}
  m_PrefabInstance: {fileID: 0}
  m_PrefabAsset: {fileID: 0}
  serializedVersion: 6
  m_Component:
  - component: {fileID: 893348982734754504}
  - component: {fileID: 4620605837908013693}
  m_Layer: 0
  m_Name: Character (1)
  m_TagString: Untagged
  m_Icon: {fileID: 0}
  m_NavMeshLayer: 0
  m_StaticEditorFlags: 0
  m_IsActive: 1
--- !u!224 &893348982734754504
RectTransform:
  m_ObjectHideFlags: 0
  m_CorrespondingSourceObject: {fileID: 0}
  m_PrefabInstance: {fileID: 0}
  m_PrefabAsset: {fileID: 0}
  m_GameObject: {fileID: 165890846008248505}
  m_LocalRotation: {x: -0, y: 0.030726802, z: -0, w: 0.9995278}
  m_LocalPosition: {x: 0, y: 0, z: 0}
  m_LocalScale: {x: 2.0388544, y: 2.0388544, z: 2.0388544}
  m_Children:
  - {fileID: 2088576904526929369}
  - {fileID: 6720035618091305804}
  - {fileID: 402760331634213995}
  - {fileID: 2910880677559270559}
  m_Father: {fileID: 8820550844956142761}
  m_RootOrder: 0
  m_LocalEulerAnglesHint: {x: 0, y: 3.522, z: 0}
  m_AnchorMin: {x: 0.5, y: 0.5}
  m_AnchorMax: {x: 0.5, y: 0.5}
  m_AnchoredPosition: {x: 29, y: -102}
  m_SizeDelta: {x: 258.17932, y: 524.1042}
  m_Pivot: {x: 0.5, y: 0.5}
--- !u!95 &4620605837908013693
Animator:
  serializedVersion: 3
  m_ObjectHideFlags: 0
  m_CorrespondingSourceObject: {fileID: 0}
  m_PrefabInstance: {fileID: 0}
  m_PrefabAsset: {fileID: 0}
  m_GameObject: {fileID: 165890846008248505}
  m_Enabled: 1
  m_Avatar: {fileID: 0}
  m_Controller: {fileID: 9100000, guid: ae26e7669a6880345b8830a511c70142, type: 2}
  m_CullingMode: 0
  m_UpdateMode: 0
  m_ApplyRootMotion: 0
  m_LinearVelocityBlending: 0
  m_WarningMessage: 
  m_HasTransformHierarchy: 1
  m_AllowConstantClipSamplingOptimization: 1
  m_KeepAnimatorControllerStateOnDisable: 0
--- !u!1 &711432206201575610
GameObject:
  m_ObjectHideFlags: 0
  m_CorrespondingSourceObject: {fileID: 0}
  m_PrefabInstance: {fileID: 0}
  m_PrefabAsset: {fileID: 0}
  serializedVersion: 6
  m_Component:
  - component: {fileID: 1686956714815264007}
  - component: {fileID: 5706852953482559186}
  - component: {fileID: 4049550370170892471}
  m_Layer: 0
  m_Name: FrontArm
  m_TagString: Untagged
  m_Icon: {fileID: 0}
  m_NavMeshLayer: 0
  m_StaticEditorFlags: 0
  m_IsActive: 1
--- !u!224 &1686956714815264007
RectTransform:
  m_ObjectHideFlags: 0
  m_CorrespondingSourceObject: {fileID: 0}
  m_PrefabInstance: {fileID: 0}
  m_PrefabAsset: {fileID: 0}
  m_GameObject: {fileID: 711432206201575610}
  m_LocalRotation: {x: 0, y: 0, z: 0, w: 1}
  m_LocalPosition: {x: 0, y: 0, z: 0}
  m_LocalScale: {x: 1, y: 1, z: 1}
  m_Children: []
  m_Father: {fileID: 6764268046961724139}
  m_RootOrder: 3
  m_LocalEulerAnglesHint: {x: 0, y: 0, z: 0}
  m_AnchorMin: {x: 0.5, y: 0.5}
  m_AnchorMax: {x: 0.5, y: 0.5}
  m_AnchoredPosition: {x: -48.5, y: 62.1}
  m_SizeDelta: {x: 76, y: 221}
  m_Pivot: {x: 0.42, y: 0.97}
--- !u!222 &5706852953482559186
CanvasRenderer:
  m_ObjectHideFlags: 0
  m_CorrespondingSourceObject: {fileID: 0}
  m_PrefabInstance: {fileID: 0}
  m_PrefabAsset: {fileID: 0}
  m_GameObject: {fileID: 711432206201575610}
  m_CullTransparentMesh: 0
--- !u!114 &4049550370170892471
MonoBehaviour:
  m_ObjectHideFlags: 0
  m_CorrespondingSourceObject: {fileID: 0}
  m_PrefabInstance: {fileID: 0}
  m_PrefabAsset: {fileID: 0}
  m_GameObject: {fileID: 711432206201575610}
  m_Enabled: 1
  m_EditorHideFlags: 0
  m_Script: {fileID: 11500000, guid: fe87c0e1cc204ed48ad3b37840f39efc, type: 3}
  m_Name: 
  m_EditorClassIdentifier: 
  m_Material: {fileID: 0}
  m_Color: {r: 1, g: 1, b: 1, a: 1}
  m_RaycastTarget: 1
  m_RaycastPadding: {x: 0, y: 0, z: 0, w: 0}
  m_Maskable: 1
  m_OnCullStateChanged:
    m_PersistentCalls:
      m_Calls: []
  m_Sprite: {fileID: -2898641198785390935, guid: b9dfe3dc5556df449bd0ec2e6fadf986, type: 3}
  m_Type: 0
  m_PreserveAspect: 0
  m_FillCenter: 1
  m_FillMethod: 4
  m_FillAmount: 1
  m_FillClockwise: 1
  m_FillOrigin: 0
  m_UseSpriteMesh: 0
  m_PixelsPerUnitMultiplier: 1
--- !u!1 &1046221442282988541
GameObject:
  m_ObjectHideFlags: 0
  m_CorrespondingSourceObject: {fileID: 0}
  m_PrefabInstance: {fileID: 0}
  m_PrefabAsset: {fileID: 0}
  serializedVersion: 6
  m_Component:
  - component: {fileID: 5029676607074962781}
  - component: {fileID: 7061717656572372541}
  - component: {fileID: 7347811701675156296}
  m_Layer: 0
  m_Name: FrontArm
  m_TagString: Untagged
  m_Icon: {fileID: 0}
  m_NavMeshLayer: 0
  m_StaticEditorFlags: 0
  m_IsActive: 1
--- !u!224 &5029676607074962781
RectTransform:
  m_ObjectHideFlags: 0
  m_CorrespondingSourceObject: {fileID: 0}
  m_PrefabInstance: {fileID: 0}
  m_PrefabAsset: {fileID: 0}
  m_GameObject: {fileID: 1046221442282988541}
  m_LocalRotation: {x: 0, y: 0, z: 0, w: 1}
  m_LocalPosition: {x: 0, y: 0, z: 0}
  m_LocalScale: {x: 1, y: 1, z: 1}
  m_Children: []
  m_Father: {fileID: 1936476215213680383}
  m_RootOrder: 3
  m_LocalEulerAnglesHint: {x: 0, y: 0, z: 0}
  m_AnchorMin: {x: 0.5, y: 0.5}
  m_AnchorMax: {x: 0.5, y: 0.5}
  m_AnchoredPosition: {x: -48.5, y: 62.1}
  m_SizeDelta: {x: 76, y: 221}
  m_Pivot: {x: 0.42, y: 0.97}
--- !u!222 &7061717656572372541
CanvasRenderer:
  m_ObjectHideFlags: 0
  m_CorrespondingSourceObject: {fileID: 0}
  m_PrefabInstance: {fileID: 0}
  m_PrefabAsset: {fileID: 0}
  m_GameObject: {fileID: 1046221442282988541}
  m_CullTransparentMesh: 0
--- !u!114 &7347811701675156296
MonoBehaviour:
  m_ObjectHideFlags: 0
  m_CorrespondingSourceObject: {fileID: 0}
  m_PrefabInstance: {fileID: 0}
  m_PrefabAsset: {fileID: 0}
  m_GameObject: {fileID: 1046221442282988541}
  m_Enabled: 1
  m_EditorHideFlags: 0
  m_Script: {fileID: 11500000, guid: fe87c0e1cc204ed48ad3b37840f39efc, type: 3}
  m_Name: 
  m_EditorClassIdentifier: 
  m_Material: {fileID: 0}
  m_Color: {r: 1, g: 1, b: 1, a: 1}
  m_RaycastTarget: 1
  m_RaycastPadding: {x: 0, y: 0, z: 0, w: 0}
  m_Maskable: 1
  m_OnCullStateChanged:
    m_PersistentCalls:
      m_Calls: []
  m_Sprite: {fileID: -2898641198785390935, guid: b9dfe3dc5556df449bd0ec2e6fadf986, type: 3}
  m_Type: 0
  m_PreserveAspect: 0
  m_FillCenter: 1
  m_FillMethod: 4
  m_FillAmount: 1
  m_FillClockwise: 1
  m_FillOrigin: 0
  m_UseSpriteMesh: 0
  m_PixelsPerUnitMultiplier: 1
--- !u!1 &1727208024034849644
GameObject:
  m_ObjectHideFlags: 0
  m_CorrespondingSourceObject: {fileID: 0}
  m_PrefabInstance: {fileID: 0}
  m_PrefabAsset: {fileID: 0}
  serializedVersion: 6
  m_Component:
  - component: {fileID: 402760331634213995}
  - component: {fileID: 1528091276799302002}
  - component: {fileID: 4321628056706831514}
  m_Layer: 0
  m_Name: Body
  m_TagString: Untagged
  m_Icon: {fileID: 0}
  m_NavMeshLayer: 0
  m_StaticEditorFlags: 0
  m_IsActive: 1
--- !u!224 &402760331634213995
RectTransform:
  m_ObjectHideFlags: 0
  m_CorrespondingSourceObject: {fileID: 0}
  m_PrefabInstance: {fileID: 0}
  m_PrefabAsset: {fileID: 0}
  m_GameObject: {fileID: 1727208024034849644}
  m_LocalRotation: {x: 0, y: 0, z: 0, w: 1}
  m_LocalPosition: {x: 0, y: 0, z: 0}
  m_LocalScale: {x: 1, y: 1, z: 1}
  m_Children: []
  m_Father: {fileID: 893348982734754504}
  m_RootOrder: 2
  m_LocalEulerAnglesHint: {x: 0, y: 0, z: 0}
  m_AnchorMin: {x: 0.5, y: 0.5}
  m_AnchorMax: {x: 0.5, y: 0.5}
  m_AnchoredPosition: {x: 0, y: 0}
  m_SizeDelta: {x: 143, y: 451}
  m_Pivot: {x: 0.5, y: 0.5}
--- !u!222 &1528091276799302002
CanvasRenderer:
  m_ObjectHideFlags: 0
  m_CorrespondingSourceObject: {fileID: 0}
  m_PrefabInstance: {fileID: 0}
  m_PrefabAsset: {fileID: 0}
  m_GameObject: {fileID: 1727208024034849644}
  m_CullTransparentMesh: 0
--- !u!114 &4321628056706831514
MonoBehaviour:
  m_ObjectHideFlags: 0
  m_CorrespondingSourceObject: {fileID: 0}
  m_PrefabInstance: {fileID: 0}
  m_PrefabAsset: {fileID: 0}
  m_GameObject: {fileID: 1727208024034849644}
  m_Enabled: 1
  m_EditorHideFlags: 0
  m_Script: {fileID: 11500000, guid: fe87c0e1cc204ed48ad3b37840f39efc, type: 3}
  m_Name: 
  m_EditorClassIdentifier: 
  m_Material: {fileID: 0}
  m_Color: {r: 1, g: 1, b: 1, a: 1}
  m_RaycastTarget: 1
  m_RaycastPadding: {x: 0, y: 0, z: 0, w: 0}
  m_Maskable: 1
  m_OnCullStateChanged:
    m_PersistentCalls:
      m_Calls: []
  m_Sprite: {fileID: 8792938516410948840, guid: b9dfe3dc5556df449bd0ec2e6fadf986, type: 3}
  m_Type: 0
  m_PreserveAspect: 0
  m_FillCenter: 1
  m_FillMethod: 4
  m_FillAmount: 1
  m_FillClockwise: 1
  m_FillOrigin: 0
  m_UseSpriteMesh: 0
  m_PixelsPerUnitMultiplier: 1
--- !u!225 &3897404583887974652
CanvasGroup:
  m_ObjectHideFlags: 0
  m_CorrespondingSourceObject: {fileID: 0}
  m_PrefabInstance: {fileID: 0}
  m_PrefabAsset: {fileID: 0}
  m_GameObject: {fileID: 1913084083702568402}
  m_Enabled: 1
  m_Alpha: 1
  m_Interactable: 1
  m_BlocksRaycasts: 1
  m_IgnoreParentGroups: 0
--- !u!1 &2319093897602890658
GameObject:
  m_ObjectHideFlags: 0
  m_CorrespondingSourceObject: {fileID: 0}
  m_PrefabInstance: {fileID: 0}
  m_PrefabAsset: {fileID: 0}
  serializedVersion: 6
  m_Component:
  - component: {fileID: 2910880677559270559}
  - component: {fileID: 1809502427667264564}
  - component: {fileID: 7567691133529644102}
  m_Layer: 0
  m_Name: FrontArm
  m_TagString: Untagged
  m_Icon: {fileID: 0}
  m_NavMeshLayer: 0
  m_StaticEditorFlags: 0
  m_IsActive: 1
--- !u!224 &2910880677559270559
RectTransform:
  m_ObjectHideFlags: 0
  m_CorrespondingSourceObject: {fileID: 0}
  m_PrefabInstance: {fileID: 0}
  m_PrefabAsset: {fileID: 0}
  m_GameObject: {fileID: 2319093897602890658}
  m_LocalRotation: {x: 0, y: 0, z: 0, w: 1}
  m_LocalPosition: {x: 0, y: 0, z: 0}
  m_LocalScale: {x: 1, y: 1, z: 1}
  m_Children: []
  m_Father: {fileID: 893348982734754504}
  m_RootOrder: 3
  m_LocalEulerAnglesHint: {x: 0, y: 0, z: 0}
  m_AnchorMin: {x: 0.5, y: 0.5}
  m_AnchorMax: {x: 0.5, y: 0.5}
  m_AnchoredPosition: {x: -48.5, y: 62.1}
  m_SizeDelta: {x: 76, y: 221}
  m_Pivot: {x: 0.42, y: 0.97}
--- !u!222 &1809502427667264564
CanvasRenderer:
  m_ObjectHideFlags: 0
  m_CorrespondingSourceObject: {fileID: 0}
  m_PrefabInstance: {fileID: 0}
  m_PrefabAsset: {fileID: 0}
  m_GameObject: {fileID: 2319093897602890658}
  m_CullTransparentMesh: 0
--- !u!114 &7567691133529644102
MonoBehaviour:
  m_ObjectHideFlags: 0
  m_CorrespondingSourceObject: {fileID: 0}
  m_PrefabInstance: {fileID: 0}
  m_PrefabAsset: {fileID: 0}
  m_GameObject: {fileID: 2319093897602890658}
  m_Enabled: 1
  m_EditorHideFlags: 0
  m_Script: {fileID: 11500000, guid: fe87c0e1cc204ed48ad3b37840f39efc, type: 3}
  m_Name: 
  m_EditorClassIdentifier: 
  m_Material: {fileID: 0}
  m_Color: {r: 1, g: 1, b: 1, a: 1}
  m_RaycastTarget: 1
  m_RaycastPadding: {x: 0, y: 0, z: 0, w: 0}
  m_Maskable: 1
  m_OnCullStateChanged:
    m_PersistentCalls:
      m_Calls: []
  m_Sprite: {fileID: -2898641198785390935, guid: b9dfe3dc5556df449bd0ec2e6fadf986, type: 3}
  m_Type: 0
  m_PreserveAspect: 0
  m_FillCenter: 1
  m_FillMethod: 4
  m_FillAmount: 1
  m_FillClockwise: 1
  m_FillOrigin: 0
  m_UseSpriteMesh: 0
  m_PixelsPerUnitMultiplier: 1
--- !u!1 &2327215406871758601
GameObject:
  m_ObjectHideFlags: 0
  m_CorrespondingSourceObject: {fileID: 0}
  m_PrefabInstance: {fileID: 0}
  m_PrefabAsset: {fileID: 0}
  serializedVersion: 6
  m_Component:
  - component: {fileID: 6764268046961724139}
  - component: {fileID: 5181867103877195606}
  m_Layer: 0
  m_Name: Character
  m_TagString: Untagged
  m_Icon: {fileID: 0}
  m_NavMeshLayer: 0
  m_StaticEditorFlags: 0
  m_IsActive: 1
--- !u!224 &6764268046961724139
RectTransform:
  m_ObjectHideFlags: 0
  m_CorrespondingSourceObject: {fileID: 0}
  m_PrefabInstance: {fileID: 0}
  m_PrefabAsset: {fileID: 0}
  m_GameObject: {fileID: 2327215406871758601}
  m_LocalRotation: {x: 0, y: 0, z: 0, w: 1}
  m_LocalPosition: {x: 0, y: 0, z: 0}
  m_LocalScale: {x: 2.0388544, y: 2.0388544, z: 2.0388544}
  m_Children:
  - {fileID: 7087253602239081427}
  - {fileID: 5452412720881714392}
  - {fileID: 4562562135690837892}
  - {fileID: 1686956714815264007}
  m_Father: {fileID: 1177002863132316725}
  m_RootOrder: 0
  m_LocalEulerAnglesHint: {x: 0, y: 0, z: 0}
  m_AnchorMin: {x: 0.5, y: 0.5}
  m_AnchorMax: {x: 0.5, y: 0.5}
  m_AnchoredPosition: {x: -247.00024, y: -102}
  m_SizeDelta: {x: 258.17932, y: 524.1042}
  m_Pivot: {x: 0.5, y: 0.5}
--- !u!95 &5181867103877195606
Animator:
  serializedVersion: 3
  m_ObjectHideFlags: 0
  m_CorrespondingSourceObject: {fileID: 0}
  m_PrefabInstance: {fileID: 0}
  m_PrefabAsset: {fileID: 0}
  m_GameObject: {fileID: 2327215406871758601}
  m_Enabled: 1
  m_Avatar: {fileID: 0}
  m_Controller: {fileID: 9100000, guid: ae26e7669a6880345b8830a511c70142, type: 2}
  m_CullingMode: 0
  m_UpdateMode: 0
  m_ApplyRootMotion: 0
  m_LinearVelocityBlending: 0
  m_WarningMessage: 
  m_HasTransformHierarchy: 1
  m_AllowConstantClipSamplingOptimization: 1
  m_KeepAnimatorControllerStateOnDisable: 0
--- !u!1 &3559546451402441969
GameObject:
  m_ObjectHideFlags: 0
  m_CorrespondingSourceObject: {fileID: 0}
  m_PrefabInstance: {fileID: 0}
  m_PrefabAsset: {fileID: 0}
  serializedVersion: 6
  m_Component:
  - component: {fileID: 8820550844956142761}
  - component: {fileID: 2117791897970497555}
  - component: {fileID: 526061280668930326}
  - component: {fileID: 1620764698496841211}
  m_Layer: 0
  m_Name: Canvas3D1
  m_TagString: Untagged
  m_Icon: {fileID: 0}
  m_NavMeshLayer: 0
  m_StaticEditorFlags: 0
  m_IsActive: 1
--- !u!224 &8820550844956142761
RectTransform:
  m_ObjectHideFlags: 0
  m_CorrespondingSourceObject: {fileID: 0}
  m_PrefabInstance: {fileID: 0}
  m_PrefabAsset: {fileID: 0}
  m_GameObject: {fileID: 3559546451402441969}
  m_LocalRotation: {x: -0, y: -0, z: -0, w: 1}
  m_LocalPosition: {x: 0, y: 0, z: -0.54}
  m_LocalScale: {x: 0.00315481, y: 0.00315481, z: 0.00315481}
  m_Children:
  - {fileID: 893348982734754504}
  m_Father: {fileID: 1892919508}
  m_RootOrder: 2
  m_LocalEulerAnglesHint: {x: 0, y: 0, z: 0}
  m_AnchorMin: {x: 0, y: 0}
  m_AnchorMax: {x: 0, y: 0}
  m_AnchoredPosition: {x: 0, y: 1.06}
  m_SizeDelta: {x: 1920.7384, y: 1080}
  m_Pivot: {x: 0.5, y: 0.5}
--- !u!223 &2117791897970497555
Canvas:
  m_ObjectHideFlags: 0
  m_CorrespondingSourceObject: {fileID: 0}
  m_PrefabInstance: {fileID: 0}
  m_PrefabAsset: {fileID: 0}
  m_GameObject: {fileID: 3559546451402441969}
  m_Enabled: 1
  serializedVersion: 3
  m_RenderMode: 2
  m_Camera: {fileID: 0}
  m_PlaneDistance: 100
  m_PixelPerfect: 0
  m_ReceivesEvents: 1
  m_OverrideSorting: 0
  m_OverridePixelPerfect: 0
  m_SortingBucketNormalizedSize: 0
  m_AdditionalShaderChannelsFlag: 0
  m_SortingLayerID: 0
  m_SortingOrder: 0
  m_TargetDisplay: 0
--- !u!114 &526061280668930326
MonoBehaviour:
  m_ObjectHideFlags: 0
  m_CorrespondingSourceObject: {fileID: 0}
  m_PrefabInstance: {fileID: 0}
  m_PrefabAsset: {fileID: 0}
  m_GameObject: {fileID: 3559546451402441969}
  m_Enabled: 1
  m_EditorHideFlags: 0
  m_Script: {fileID: 11500000, guid: 0cd44c1031e13a943bb63640046fad76, type: 3}
  m_Name: 
  m_EditorClassIdentifier: 
  m_UiScaleMode: 1
  m_ReferencePixelsPerUnit: 100
  m_ScaleFactor: 1
  m_ReferenceResolution: {x: 1920, y: 1080}
  m_ScreenMatchMode: 0
  m_MatchWidthOrHeight: 1
  m_PhysicalUnit: 3
  m_FallbackScreenDPI: 96
  m_DefaultSpriteDPI: 96
  m_DynamicPixelsPerUnit: 1
--- !u!114 &1620764698496841211
MonoBehaviour:
  m_ObjectHideFlags: 0
  m_CorrespondingSourceObject: {fileID: 0}
  m_PrefabInstance: {fileID: 0}
  m_PrefabAsset: {fileID: 0}
  m_GameObject: {fileID: 3559546451402441969}
  m_Enabled: 1
  m_EditorHideFlags: 0
  m_Script: {fileID: 11500000, guid: dc42784cf147c0c48a680349fa168899, type: 3}
  m_Name: 
  m_EditorClassIdentifier: 
  m_IgnoreReversedGraphics: 1
  m_BlockingObjects: 0
  m_BlockingMask:
    serializedVersion: 2
    m_Bits: 4294967295
--- !u!225 &507375277647747101
CanvasGroup:
  m_ObjectHideFlags: 0
  m_CorrespondingSourceObject: {fileID: 0}
  m_PrefabInstance: {fileID: 0}
  m_PrefabAsset: {fileID: 0}
  m_GameObject: {fileID: 3716945049184021616}
  m_Enabled: 1
  m_Alpha: 1
  m_Interactable: 1
  m_BlocksRaycasts: 1
  m_IgnoreParentGroups: 0
--- !u!1 &4508152983795290859
GameObject:
  m_ObjectHideFlags: 0
  m_CorrespondingSourceObject: {fileID: 0}
  m_PrefabInstance: {fileID: 0}
  m_PrefabAsset: {fileID: 0}
  serializedVersion: 6
  m_Component:
  - component: {fileID: 7087253602239081427}
  - component: {fileID: 5572257776814856871}
  - component: {fileID: 8234471225346266523}
  m_Layer: 0
  m_Name: Hair
  m_TagString: Untagged
  m_Icon: {fileID: 0}
  m_NavMeshLayer: 0
  m_StaticEditorFlags: 0
  m_IsActive: 1
--- !u!224 &7087253602239081427
RectTransform:
  m_ObjectHideFlags: 0
  m_CorrespondingSourceObject: {fileID: 0}
  m_PrefabInstance: {fileID: 0}
  m_PrefabAsset: {fileID: 0}
  m_GameObject: {fileID: 4508152983795290859}
  m_LocalRotation: {x: 0, y: 0, z: 0, w: 1}
  m_LocalPosition: {x: 0, y: 0, z: 0}
  m_LocalScale: {x: 1, y: 1, z: 1}
  m_Children: []
  m_Father: {fileID: 6764268046961724139}
  m_RootOrder: 0
  m_LocalEulerAnglesHint: {x: 0, y: 0, z: 0}
  m_AnchorMin: {x: 0.5, y: 0.5}
  m_AnchorMax: {x: 0.5, y: 0.5}
  m_AnchoredPosition: {x: -47.5, y: 195.4}
  m_SizeDelta: {x: 100, y: 95}
  m_Pivot: {x: 0.58, y: 0.96}
--- !u!222 &5572257776814856871
CanvasRenderer:
  m_ObjectHideFlags: 0
  m_CorrespondingSourceObject: {fileID: 0}
  m_PrefabInstance: {fileID: 0}
  m_PrefabAsset: {fileID: 0}
  m_GameObject: {fileID: 4508152983795290859}
  m_CullTransparentMesh: 0
--- !u!114 &8234471225346266523
MonoBehaviour:
  m_ObjectHideFlags: 0
  m_CorrespondingSourceObject: {fileID: 0}
  m_PrefabInstance: {fileID: 0}
  m_PrefabAsset: {fileID: 0}
  m_GameObject: {fileID: 4508152983795290859}
  m_Enabled: 1
  m_EditorHideFlags: 0
  m_Script: {fileID: 11500000, guid: fe87c0e1cc204ed48ad3b37840f39efc, type: 3}
  m_Name: 
  m_EditorClassIdentifier: 
  m_Material: {fileID: 0}
  m_Color: {r: 1, g: 1, b: 1, a: 1}
  m_RaycastTarget: 1
  m_RaycastPadding: {x: 0, y: 0, z: 0, w: 0}
  m_Maskable: 1
  m_OnCullStateChanged:
    m_PersistentCalls:
      m_Calls: []
  m_Sprite: {fileID: 4635723901098607618, guid: b9dfe3dc5556df449bd0ec2e6fadf986, type: 3}
  m_Type: 0
  m_PreserveAspect: 0
  m_FillCenter: 1
  m_FillMethod: 4
  m_FillAmount: 1
  m_FillClockwise: 1
  m_FillOrigin: 0
  m_UseSpriteMesh: 0
  m_PixelsPerUnitMultiplier: 1
--- !u!1 &4521478019370068807
GameObject:
  m_ObjectHideFlags: 0
  m_CorrespondingSourceObject: {fileID: 0}
  m_PrefabInstance: {fileID: 0}
  m_PrefabAsset: {fileID: 0}
  serializedVersion: 6
  m_Component:
  - component: {fileID: 1177002863132316725}
  - component: {fileID: 8521341591909363355}
  - component: {fileID: 2234836861287447713}
  - component: {fileID: 2800154309175080948}
  m_Layer: 0
  m_Name: Canvas3D2
  m_TagString: Untagged
  m_Icon: {fileID: 0}
  m_NavMeshLayer: 0
  m_StaticEditorFlags: 0
  m_IsActive: 1
--- !u!224 &1177002863132316725
RectTransform:
  m_ObjectHideFlags: 0
  m_CorrespondingSourceObject: {fileID: 0}
  m_PrefabInstance: {fileID: 0}
  m_PrefabAsset: {fileID: 0}
  m_GameObject: {fileID: 4521478019370068807}
  m_LocalRotation: {x: -0, y: -0.30383968, z: -0, w: 0.9527232}
  m_LocalPosition: {x: 0, y: 0, z: 7.99}
  m_LocalScale: {x: 0.00315481, y: 0.00315481, z: 0.00315481}
  m_Children:
  - {fileID: 6764268046961724139}
  - {fileID: 1936476215213680383}
  m_Father: {fileID: 1892919508}
  m_RootOrder: 3
  m_LocalEulerAnglesHint: {x: 0, y: -35.377, z: 0}
  m_AnchorMin: {x: 0, y: 0}
  m_AnchorMax: {x: 0, y: 0}
  m_AnchoredPosition: {x: -15.13, y: 1.54}
  m_SizeDelta: {x: 1920.7384, y: 1080}
  m_Pivot: {x: 0.5, y: 0.5}
--- !u!223 &8521341591909363355
Canvas:
  m_ObjectHideFlags: 0
  m_CorrespondingSourceObject: {fileID: 0}
  m_PrefabInstance: {fileID: 0}
  m_PrefabAsset: {fileID: 0}
  m_GameObject: {fileID: 4521478019370068807}
  m_Enabled: 1
  serializedVersion: 3
  m_RenderMode: 2
  m_Camera: {fileID: 0}
  m_PlaneDistance: 100
  m_PixelPerfect: 0
  m_ReceivesEvents: 1
  m_OverrideSorting: 0
  m_OverridePixelPerfect: 0
  m_SortingBucketNormalizedSize: 0
  m_AdditionalShaderChannelsFlag: 0
  m_SortingLayerID: 0
  m_SortingOrder: 0
  m_TargetDisplay: 0
--- !u!114 &2234836861287447713
MonoBehaviour:
  m_ObjectHideFlags: 0
  m_CorrespondingSourceObject: {fileID: 0}
  m_PrefabInstance: {fileID: 0}
  m_PrefabAsset: {fileID: 0}
  m_GameObject: {fileID: 4521478019370068807}
  m_Enabled: 1
  m_EditorHideFlags: 0
  m_Script: {fileID: 11500000, guid: 0cd44c1031e13a943bb63640046fad76, type: 3}
  m_Name: 
  m_EditorClassIdentifier: 
  m_UiScaleMode: 1
  m_ReferencePixelsPerUnit: 100
  m_ScaleFactor: 1
  m_ReferenceResolution: {x: 1920, y: 1080}
  m_ScreenMatchMode: 0
  m_MatchWidthOrHeight: 1
  m_PhysicalUnit: 3
  m_FallbackScreenDPI: 96
  m_DefaultSpriteDPI: 96
  m_DynamicPixelsPerUnit: 1
--- !u!114 &2800154309175080948
MonoBehaviour:
  m_ObjectHideFlags: 0
  m_CorrespondingSourceObject: {fileID: 0}
  m_PrefabInstance: {fileID: 0}
  m_PrefabAsset: {fileID: 0}
  m_GameObject: {fileID: 4521478019370068807}
  m_Enabled: 1
  m_EditorHideFlags: 0
  m_Script: {fileID: 11500000, guid: dc42784cf147c0c48a680349fa168899, type: 3}
  m_Name: 
  m_EditorClassIdentifier: 
  m_IgnoreReversedGraphics: 1
  m_BlockingObjects: 0
  m_BlockingMask:
    serializedVersion: 2
    m_Bits: 4294967295
--- !u!225 &322295954837575796
CanvasGroup:
  m_ObjectHideFlags: 0
  m_CorrespondingSourceObject: {fileID: 0}
  m_PrefabInstance: {fileID: 0}
  m_PrefabAsset: {fileID: 0}
  m_GameObject: {fileID: 4763994631013208535}
  m_Enabled: 1
  m_Alpha: 1
  m_Interactable: 1
  m_BlocksRaycasts: 1
  m_IgnoreParentGroups: 0
--- !u!1 &4909797258613049074
GameObject:
  m_ObjectHideFlags: 0
  m_CorrespondingSourceObject: {fileID: 0}
  m_PrefabInstance: {fileID: 0}
  m_PrefabAsset: {fileID: 0}
  serializedVersion: 6
  m_Component:
  - component: {fileID: 6327837258682094021}
  - component: {fileID: 4328268167501786961}
  - component: {fileID: 603571825962028496}
  m_Layer: 0
  m_Name: Body
  m_TagString: Untagged
  m_Icon: {fileID: 0}
  m_NavMeshLayer: 0
  m_StaticEditorFlags: 0
  m_IsActive: 1
--- !u!224 &6327837258682094021
RectTransform:
  m_ObjectHideFlags: 0
  m_CorrespondingSourceObject: {fileID: 0}
  m_PrefabInstance: {fileID: 0}
  m_PrefabAsset: {fileID: 0}
  m_GameObject: {fileID: 4909797258613049074}
  m_LocalRotation: {x: 0, y: 0, z: 0, w: 1}
  m_LocalPosition: {x: 0, y: 0, z: 0}
  m_LocalScale: {x: 1, y: 1, z: 1}
  m_Children: []
  m_Father: {fileID: 1936476215213680383}
  m_RootOrder: 2
  m_LocalEulerAnglesHint: {x: 0, y: 0, z: 0}
  m_AnchorMin: {x: 0.5, y: 0.5}
  m_AnchorMax: {x: 0.5, y: 0.5}
  m_AnchoredPosition: {x: 0, y: 0}
  m_SizeDelta: {x: 143, y: 451}
  m_Pivot: {x: 0.5, y: 0.5}
--- !u!222 &4328268167501786961
CanvasRenderer:
  m_ObjectHideFlags: 0
  m_CorrespondingSourceObject: {fileID: 0}
  m_PrefabInstance: {fileID: 0}
  m_PrefabAsset: {fileID: 0}
  m_GameObject: {fileID: 4909797258613049074}
  m_CullTransparentMesh: 0
--- !u!114 &603571825962028496
MonoBehaviour:
  m_ObjectHideFlags: 0
  m_CorrespondingSourceObject: {fileID: 0}
  m_PrefabInstance: {fileID: 0}
  m_PrefabAsset: {fileID: 0}
  m_GameObject: {fileID: 4909797258613049074}
  m_Enabled: 1
  m_EditorHideFlags: 0
  m_Script: {fileID: 11500000, guid: fe87c0e1cc204ed48ad3b37840f39efc, type: 3}
  m_Name: 
  m_EditorClassIdentifier: 
  m_Material: {fileID: 0}
  m_Color: {r: 1, g: 1, b: 1, a: 1}
  m_RaycastTarget: 1
  m_RaycastPadding: {x: 0, y: 0, z: 0, w: 0}
  m_Maskable: 1
  m_OnCullStateChanged:
    m_PersistentCalls:
      m_Calls: []
  m_Sprite: {fileID: 8792938516410948840, guid: b9dfe3dc5556df449bd0ec2e6fadf986, type: 3}
  m_Type: 0
  m_PreserveAspect: 0
  m_FillCenter: 1
  m_FillMethod: 4
  m_FillAmount: 1
  m_FillClockwise: 1
  m_FillOrigin: 0
  m_UseSpriteMesh: 0
  m_PixelsPerUnitMultiplier: 1
--- !u!1 &5071031500031215124
GameObject:
  m_ObjectHideFlags: 0
  m_CorrespondingSourceObject: {fileID: 0}
  m_PrefabInstance: {fileID: 0}
  m_PrefabAsset: {fileID: 0}
  serializedVersion: 6
  m_Component:
  - component: {fileID: 1159396830211393288}
  - component: {fileID: 284379486154242606}
  - component: {fileID: 7283604749358090944}
  m_Layer: 0
  m_Name: Cylinder
  m_TagString: Untagged
  m_Icon: {fileID: 0}
  m_NavMeshLayer: 0
  m_StaticEditorFlags: 0
  m_IsActive: 1
--- !u!4 &1159396830211393288
Transform:
  m_ObjectHideFlags: 0
  m_CorrespondingSourceObject: {fileID: 0}
  m_PrefabInstance: {fileID: 0}
  m_PrefabAsset: {fileID: 0}
  m_GameObject: {fileID: 5071031500031215124}
  m_LocalRotation: {x: -0, y: -0, z: -0, w: 1}
  m_LocalPosition: {x: 0, y: 2.9, z: 1.05}
  m_LocalScale: {x: 1.9964, y: 3.5131853, z: 1.996401}
  m_Children: []
  m_Father: {fileID: 1892919508}
  m_RootOrder: 0
  m_LocalEulerAnglesHint: {x: 0, y: 0, z: 0}
--- !u!33 &284379486154242606
MeshFilter:
  m_ObjectHideFlags: 0
  m_CorrespondingSourceObject: {fileID: 0}
  m_PrefabInstance: {fileID: 0}
  m_PrefabAsset: {fileID: 0}
  m_GameObject: {fileID: 5071031500031215124}
  m_Mesh: {fileID: 10206, guid: 0000000000000000e000000000000000, type: 0}
--- !u!23 &7283604749358090944
MeshRenderer:
  m_ObjectHideFlags: 0
  m_CorrespondingSourceObject: {fileID: 0}
  m_PrefabInstance: {fileID: 0}
  m_PrefabAsset: {fileID: 0}
  m_GameObject: {fileID: 5071031500031215124}
  m_Enabled: 1
  m_CastShadows: 1
  m_ReceiveShadows: 1
  m_DynamicOccludee: 1
  m_MotionVectors: 1
  m_LightProbeUsage: 1
  m_ReflectionProbeUsage: 1
  m_RayTracingMode: 2
  m_RayTraceProcedural: 0
  m_RenderingLayerMask: 1
  m_RendererPriority: 0
  m_Materials:
  - {fileID: 10303, guid: 0000000000000000f000000000000000, type: 0}
  m_StaticBatchInfo:
    firstSubMesh: 0
    subMeshCount: 0
  m_StaticBatchRoot: {fileID: 0}
  m_ProbeAnchor: {fileID: 0}
  m_LightProbeVolumeOverride: {fileID: 0}
  m_ScaleInLightmap: 1
  m_ReceiveGI: 1
  m_PreserveUVs: 0
  m_IgnoreNormalsForChartDetection: 0
  m_ImportantGI: 0
  m_StitchLightmapSeams: 1
  m_SelectedEditorRenderState: 3
  m_MinimumChartSize: 4
  m_AutoUVMaxDistance: 0.5
  m_AutoUVMaxAngle: 89
  m_LightmapParameters: {fileID: 0}
  m_SortingLayerID: 0
  m_SortingLayer: 0
  m_SortingOrder: 0
  m_AdditionalVertexStreams: {fileID: 0}
--- !u!1 &5288047049751897344
GameObject:
  m_ObjectHideFlags: 0
  m_CorrespondingSourceObject: {fileID: 0}
  m_PrefabInstance: {fileID: 0}
  m_PrefabAsset: {fileID: 0}
  serializedVersion: 6
  m_Component:
  - component: {fileID: 6720035618091305804}
  - component: {fileID: 622886092413497384}
  - component: {fileID: 2215140808473951780}
  m_Layer: 0
  m_Name: BackArm
  m_TagString: Untagged
  m_Icon: {fileID: 0}
  m_NavMeshLayer: 0
  m_StaticEditorFlags: 0
  m_IsActive: 1
--- !u!224 &6720035618091305804
RectTransform:
  m_ObjectHideFlags: 0
  m_CorrespondingSourceObject: {fileID: 0}
  m_PrefabInstance: {fileID: 0}
  m_PrefabAsset: {fileID: 0}
  m_GameObject: {fileID: 5288047049751897344}
  m_LocalRotation: {x: 0, y: 0, z: 0, w: 1}
  m_LocalPosition: {x: 0, y: 0, z: 0}
  m_LocalScale: {x: 1, y: 1, z: 1}
  m_Children: []
  m_Father: {fileID: 893348982734754504}
  m_RootOrder: 1
  m_LocalEulerAnglesHint: {x: 0, y: 0, z: 0}
  m_AnchorMin: {x: 0.5, y: 0.5}
  m_AnchorMax: {x: 0.5, y: 0.5}
  m_AnchoredPosition: {x: 49, y: 49.7}
  m_SizeDelta: {x: 91, y: 179}
  m_Pivot: {x: 0.31, y: 0.99}
--- !u!222 &622886092413497384
CanvasRenderer:
  m_ObjectHideFlags: 0
  m_CorrespondingSourceObject: {fileID: 0}
  m_PrefabInstance: {fileID: 0}
  m_PrefabAsset: {fileID: 0}
  m_GameObject: {fileID: 5288047049751897344}
  m_CullTransparentMesh: 0
--- !u!114 &2215140808473951780
MonoBehaviour:
  m_ObjectHideFlags: 0
  m_CorrespondingSourceObject: {fileID: 0}
  m_PrefabInstance: {fileID: 0}
  m_PrefabAsset: {fileID: 0}
  m_GameObject: {fileID: 5288047049751897344}
  m_Enabled: 1
  m_EditorHideFlags: 0
  m_Script: {fileID: 11500000, guid: fe87c0e1cc204ed48ad3b37840f39efc, type: 3}
  m_Name: 
  m_EditorClassIdentifier: 
  m_Material: {fileID: 0}
  m_Color: {r: 1, g: 1, b: 1, a: 1}
  m_RaycastTarget: 1
  m_RaycastPadding: {x: 0, y: 0, z: 0, w: 0}
  m_Maskable: 1
  m_OnCullStateChanged:
    m_PersistentCalls:
      m_Calls: []
  m_Sprite: {fileID: 1505778172840355781, guid: b9dfe3dc5556df449bd0ec2e6fadf986, type: 3}
  m_Type: 0
  m_PreserveAspect: 0
  m_FillCenter: 1
  m_FillMethod: 4
  m_FillAmount: 1
  m_FillClockwise: 1
  m_FillOrigin: 0
  m_UseSpriteMesh: 0
  m_PixelsPerUnitMultiplier: 1
--- !u!1 &6624659450624066079
GameObject:
  m_ObjectHideFlags: 0
  m_CorrespondingSourceObject: {fileID: 0}
  m_PrefabInstance: {fileID: 0}
  m_PrefabAsset: {fileID: 0}
  serializedVersion: 6
  m_Component:
  - component: {fileID: 2748817393516502664}
  - component: {fileID: 5518504157694228247}
  - component: {fileID: -5895485743142055656}
  m_Layer: 0
  m_Name: Marker5-multiple
  m_TagString: Untagged
  m_Icon: {fileID: 0}
  m_NavMeshLayer: 0
  m_StaticEditorFlags: 0
  m_IsActive: 1
--- !u!4 &2748817393516502664
Transform:
  m_ObjectHideFlags: 0
  m_CorrespondingSourceObject: {fileID: 0}
  m_PrefabInstance: {fileID: 0}
  m_PrefabAsset: {fileID: 0}
  m_GameObject: {fileID: 6624659450624066079}
  m_LocalRotation: {x: 0, y: 0, z: 0, w: 1}
  m_LocalPosition: {x: 0, y: 0, z: 0}
  m_LocalScale: {x: 1, y: 1, z: 1}
  m_Children:
  - {fileID: 1719793616}
  - {fileID: 8337503713589997873}
  m_Father: {fileID: 0}
  m_RootOrder: 0
  m_LocalEulerAnglesHint: {x: 0, y: 0, z: 0}
--- !u!114 &5518504157694228247
MonoBehaviour:
  m_ObjectHideFlags: 0
  m_CorrespondingSourceObject: {fileID: 0}
  m_PrefabInstance: {fileID: 0}
  m_PrefabAsset: {fileID: 0}
  m_GameObject: {fileID: 6624659450624066079}
  m_Enabled: 1
  m_EditorHideFlags: 0
  m_Script: {fileID: 11500000, guid: e695ccb24fbca2e41abb6ac05c70b683, type: 3}
  m_Name: 
  m_EditorClassIdentifier: 
  Searching: {fileID: 1719793615}
  Found: {fileID: 1892919507}
  Anchors: []
  trackedPosition: {fileID: 8337503713589997873}
--- !u!114 &-5895485743142055656
MonoBehaviour:
  m_ObjectHideFlags: 0
  m_CorrespondingSourceObject: {fileID: 0}
  m_PrefabInstance: {fileID: 0}
  m_PrefabAsset: {fileID: 0}
  m_GameObject: {fileID: 6624659450624066079}
  m_Enabled: 1
  m_EditorHideFlags: 0
  m_Script: {fileID: 11500000, guid: 4a566d4cc90b9554fb140bbffad0daab, type: 3}
  m_Name: 
  m_EditorClassIdentifier: 
--- !u!1 &6786239212923698318
GameObject:
  m_ObjectHideFlags: 0
  m_CorrespondingSourceObject: {fileID: 0}
  m_PrefabInstance: {fileID: 0}
  m_PrefabAsset: {fileID: 0}
  serializedVersion: 6
  m_Component:
  - component: {fileID: 8198001113961242559}
  - component: {fileID: 4283344710526530685}
  - component: {fileID: 2977474466308188338}
  m_Layer: 0
  m_Name: BackArm
  m_TagString: Untagged
  m_Icon: {fileID: 0}
  m_NavMeshLayer: 0
  m_StaticEditorFlags: 0
  m_IsActive: 1
--- !u!224 &8198001113961242559
RectTransform:
  m_ObjectHideFlags: 0
  m_CorrespondingSourceObject: {fileID: 0}
  m_PrefabInstance: {fileID: 0}
  m_PrefabAsset: {fileID: 0}
  m_GameObject: {fileID: 6786239212923698318}
  m_LocalRotation: {x: 0, y: 0, z: 0, w: 1}
  m_LocalPosition: {x: 0, y: 0, z: 0}
  m_LocalScale: {x: 1, y: 1, z: 1}
  m_Children: []
  m_Father: {fileID: 1936476215213680383}
  m_RootOrder: 1
  m_LocalEulerAnglesHint: {x: 0, y: 0, z: 0}
  m_AnchorMin: {x: 0.5, y: 0.5}
  m_AnchorMax: {x: 0.5, y: 0.5}
  m_AnchoredPosition: {x: 49, y: 49.7}
  m_SizeDelta: {x: 91, y: 179}
  m_Pivot: {x: 0.31, y: 0.99}
--- !u!222 &4283344710526530685
CanvasRenderer:
  m_ObjectHideFlags: 0
  m_CorrespondingSourceObject: {fileID: 0}
  m_PrefabInstance: {fileID: 0}
  m_PrefabAsset: {fileID: 0}
  m_GameObject: {fileID: 6786239212923698318}
  m_CullTransparentMesh: 0
--- !u!114 &2977474466308188338
MonoBehaviour:
  m_ObjectHideFlags: 0
  m_CorrespondingSourceObject: {fileID: 0}
  m_PrefabInstance: {fileID: 0}
  m_PrefabAsset: {fileID: 0}
  m_GameObject: {fileID: 6786239212923698318}
  m_Enabled: 1
  m_EditorHideFlags: 0
  m_Script: {fileID: 11500000, guid: fe87c0e1cc204ed48ad3b37840f39efc, type: 3}
  m_Name: 
  m_EditorClassIdentifier: 
  m_Material: {fileID: 0}
  m_Color: {r: 1, g: 1, b: 1, a: 1}
  m_RaycastTarget: 1
  m_RaycastPadding: {x: 0, y: 0, z: 0, w: 0}
  m_Maskable: 1
  m_OnCullStateChanged:
    m_PersistentCalls:
      m_Calls: []
  m_Sprite: {fileID: 1505778172840355781, guid: b9dfe3dc5556df449bd0ec2e6fadf986, type: 3}
  m_Type: 0
  m_PreserveAspect: 0
  m_FillCenter: 1
  m_FillMethod: 4
  m_FillAmount: 1
  m_FillClockwise: 1
  m_FillOrigin: 0
  m_UseSpriteMesh: 0
  m_PixelsPerUnitMultiplier: 1
--- !u!1 &6858310897608389224
GameObject:
  m_ObjectHideFlags: 0
  m_CorrespondingSourceObject: {fileID: 0}
  m_PrefabInstance: {fileID: 0}
  m_PrefabAsset: {fileID: 0}
  serializedVersion: 6
  m_Component:
  - component: {fileID: 224099132002228474}
  - component: {fileID: 1621972914406614863}
  - component: {fileID: 4952631957123262563}
  m_Layer: 0
  m_Name: Hair
  m_TagString: Untagged
  m_Icon: {fileID: 0}
  m_NavMeshLayer: 0
  m_StaticEditorFlags: 0
  m_IsActive: 1
--- !u!224 &224099132002228474
RectTransform:
  m_ObjectHideFlags: 0
  m_CorrespondingSourceObject: {fileID: 0}
  m_PrefabInstance: {fileID: 0}
  m_PrefabAsset: {fileID: 0}
  m_GameObject: {fileID: 6858310897608389224}
  m_LocalRotation: {x: 0, y: 0, z: 0, w: 1}
  m_LocalPosition: {x: 0, y: 0, z: 0}
  m_LocalScale: {x: 1, y: 1, z: 1}
  m_Children: []
  m_Father: {fileID: 1936476215213680383}
  m_RootOrder: 0
  m_LocalEulerAnglesHint: {x: 0, y: 0, z: 0}
  m_AnchorMin: {x: 0.5, y: 0.5}
  m_AnchorMax: {x: 0.5, y: 0.5}
  m_AnchoredPosition: {x: -47.5, y: 195.4}
  m_SizeDelta: {x: 100, y: 95}
  m_Pivot: {x: 0.58, y: 0.96}
--- !u!222 &1621972914406614863
CanvasRenderer:
  m_ObjectHideFlags: 0
  m_CorrespondingSourceObject: {fileID: 0}
  m_PrefabInstance: {fileID: 0}
  m_PrefabAsset: {fileID: 0}
  m_GameObject: {fileID: 6858310897608389224}
  m_CullTransparentMesh: 0
--- !u!114 &4952631957123262563
MonoBehaviour:
  m_ObjectHideFlags: 0
  m_CorrespondingSourceObject: {fileID: 0}
  m_PrefabInstance: {fileID: 0}
  m_PrefabAsset: {fileID: 0}
  m_GameObject: {fileID: 6858310897608389224}
  m_Enabled: 1
  m_EditorHideFlags: 0
  m_Script: {fileID: 11500000, guid: fe87c0e1cc204ed48ad3b37840f39efc, type: 3}
  m_Name: 
  m_EditorClassIdentifier: 
  m_Material: {fileID: 0}
  m_Color: {r: 1, g: 1, b: 1, a: 1}
  m_RaycastTarget: 1
  m_RaycastPadding: {x: 0, y: 0, z: 0, w: 0}
  m_Maskable: 1
  m_OnCullStateChanged:
    m_PersistentCalls:
      m_Calls: []
  m_Sprite: {fileID: 4635723901098607618, guid: b9dfe3dc5556df449bd0ec2e6fadf986, type: 3}
  m_Type: 0
  m_PreserveAspect: 0
  m_FillCenter: 1
  m_FillMethod: 4
  m_FillAmount: 1
  m_FillClockwise: 1
  m_FillOrigin: 0
  m_UseSpriteMesh: 0
  m_PixelsPerUnitMultiplier: 1
--- !u!1 &7195351201449515829
GameObject:
  m_ObjectHideFlags: 0
  m_CorrespondingSourceObject: {fileID: 0}
  m_PrefabInstance: {fileID: 0}
  m_PrefabAsset: {fileID: 0}
  serializedVersion: 6
  m_Component:
  - component: {fileID: 5452412720881714392}
  - component: {fileID: 9166906416745059761}
  - component: {fileID: 5621286890022305976}
  m_Layer: 0
  m_Name: BackArm
  m_TagString: Untagged
  m_Icon: {fileID: 0}
  m_NavMeshLayer: 0
  m_StaticEditorFlags: 0
  m_IsActive: 1
--- !u!224 &5452412720881714392
RectTransform:
  m_ObjectHideFlags: 0
  m_CorrespondingSourceObject: {fileID: 0}
  m_PrefabInstance: {fileID: 0}
  m_PrefabAsset: {fileID: 0}
  m_GameObject: {fileID: 7195351201449515829}
  m_LocalRotation: {x: 0, y: 0, z: 0, w: 1}
  m_LocalPosition: {x: 0, y: 0, z: 0}
  m_LocalScale: {x: 1, y: 1, z: 1}
  m_Children: []
  m_Father: {fileID: 6764268046961724139}
  m_RootOrder: 1
  m_LocalEulerAnglesHint: {x: 0, y: 0, z: 0}
  m_AnchorMin: {x: 0.5, y: 0.5}
  m_AnchorMax: {x: 0.5, y: 0.5}
  m_AnchoredPosition: {x: 49, y: 49.7}
  m_SizeDelta: {x: 91, y: 179}
  m_Pivot: {x: 0.31, y: 0.99}
--- !u!222 &9166906416745059761
CanvasRenderer:
  m_ObjectHideFlags: 0
  m_CorrespondingSourceObject: {fileID: 0}
  m_PrefabInstance: {fileID: 0}
  m_PrefabAsset: {fileID: 0}
  m_GameObject: {fileID: 7195351201449515829}
  m_CullTransparentMesh: 0
--- !u!114 &5621286890022305976
MonoBehaviour:
  m_ObjectHideFlags: 0
  m_CorrespondingSourceObject: {fileID: 0}
  m_PrefabInstance: {fileID: 0}
  m_PrefabAsset: {fileID: 0}
  m_GameObject: {fileID: 7195351201449515829}
  m_Enabled: 1
  m_EditorHideFlags: 0
  m_Script: {fileID: 11500000, guid: fe87c0e1cc204ed48ad3b37840f39efc, type: 3}
  m_Name: 
  m_EditorClassIdentifier: 
  m_Material: {fileID: 0}
  m_Color: {r: 1, g: 1, b: 1, a: 1}
  m_RaycastTarget: 1
  m_RaycastPadding: {x: 0, y: 0, z: 0, w: 0}
  m_Maskable: 1
  m_OnCullStateChanged:
    m_PersistentCalls:
      m_Calls: []
  m_Sprite: {fileID: 1505778172840355781, guid: b9dfe3dc5556df449bd0ec2e6fadf986, type: 3}
  m_Type: 0
  m_PreserveAspect: 0
  m_FillCenter: 1
  m_FillMethod: 4
  m_FillAmount: 1
  m_FillClockwise: 1
  m_FillOrigin: 0
  m_UseSpriteMesh: 0
  m_PixelsPerUnitMultiplier: 1
--- !u!1 &7744256850876863168
GameObject:
  m_ObjectHideFlags: 0
  m_CorrespondingSourceObject: {fileID: 0}
  m_PrefabInstance: {fileID: 0}
  m_PrefabAsset: {fileID: 0}
  serializedVersion: 6
  m_Component:
  - component: {fileID: 1936476215213680383}
  - component: {fileID: 4148431729451058637}
  m_Layer: 0
  m_Name: Character (2)
  m_TagString: Untagged
  m_Icon: {fileID: 0}
  m_NavMeshLayer: 0
  m_StaticEditorFlags: 0
  m_IsActive: 1
--- !u!224 &1936476215213680383
RectTransform:
  m_ObjectHideFlags: 0
  m_CorrespondingSourceObject: {fileID: 0}
  m_PrefabInstance: {fileID: 0}
  m_PrefabAsset: {fileID: 0}
  m_GameObject: {fileID: 7744256850876863168}
  m_LocalRotation: {x: 0, y: 1, z: 0, w: 0}
  m_LocalPosition: {x: 0, y: 0, z: 0}
  m_LocalScale: {x: 2.0388544, y: 2.0388544, z: 2.0388544}
  m_Children:
  - {fileID: 224099132002228474}
  - {fileID: 8198001113961242559}
  - {fileID: 6327837258682094021}
  - {fileID: 5029676607074962781}
  m_Father: {fileID: 1177002863132316725}
  m_RootOrder: 1
  m_LocalEulerAnglesHint: {x: 0, y: 180, z: 0}
  m_AnchorMin: {x: 0.5, y: 0.5}
  m_AnchorMax: {x: 0.5, y: 0.5}
  m_AnchoredPosition: {x: 199, y: -102}
  m_SizeDelta: {x: 258.17932, y: 524.1042}
  m_Pivot: {x: 0.5, y: 0.5}
--- !u!95 &4148431729451058637
Animator:
  serializedVersion: 3
  m_ObjectHideFlags: 0
  m_CorrespondingSourceObject: {fileID: 0}
  m_PrefabInstance: {fileID: 0}
  m_PrefabAsset: {fileID: 0}
  m_GameObject: {fileID: 7744256850876863168}
  m_Enabled: 1
  m_Avatar: {fileID: 0}
  m_Controller: {fileID: 9100000, guid: ae26e7669a6880345b8830a511c70142, type: 2}
  m_CullingMode: 0
  m_UpdateMode: 0
  m_ApplyRootMotion: 0
  m_LinearVelocityBlending: 0
  m_WarningMessage: 
  m_HasTransformHierarchy: 1
  m_AllowConstantClipSamplingOptimization: 1
  m_KeepAnimatorControllerStateOnDisable: 0
--- !u!1 &7880207688038746773
GameObject:
  m_ObjectHideFlags: 0
  m_CorrespondingSourceObject: {fileID: 0}
  m_PrefabInstance: {fileID: 0}
  m_PrefabAsset: {fileID: 0}
  serializedVersion: 6
  m_Component:
  - component: {fileID: 2088576904526929369}
  - component: {fileID: 955053183703333456}
  - component: {fileID: 23416725623596005}
  m_Layer: 0
  m_Name: Hair
  m_TagString: Untagged
  m_Icon: {fileID: 0}
  m_NavMeshLayer: 0
  m_StaticEditorFlags: 0
  m_IsActive: 1
--- !u!224 &2088576904526929369
RectTransform:
  m_ObjectHideFlags: 0
  m_CorrespondingSourceObject: {fileID: 0}
  m_PrefabInstance: {fileID: 0}
  m_PrefabAsset: {fileID: 0}
  m_GameObject: {fileID: 7880207688038746773}
  m_LocalRotation: {x: 0, y: 0, z: 0, w: 1}
  m_LocalPosition: {x: 0, y: 0, z: 0}
  m_LocalScale: {x: 1, y: 1, z: 1}
  m_Children: []
  m_Father: {fileID: 893348982734754504}
  m_RootOrder: 0
  m_LocalEulerAnglesHint: {x: 0, y: 0, z: 0}
  m_AnchorMin: {x: 0.5, y: 0.5}
  m_AnchorMax: {x: 0.5, y: 0.5}
  m_AnchoredPosition: {x: -47.5, y: 195.4}
  m_SizeDelta: {x: 100, y: 95}
  m_Pivot: {x: 0.58, y: 0.96}
--- !u!222 &955053183703333456
CanvasRenderer:
  m_ObjectHideFlags: 0
  m_CorrespondingSourceObject: {fileID: 0}
  m_PrefabInstance: {fileID: 0}
  m_PrefabAsset: {fileID: 0}
  m_GameObject: {fileID: 7880207688038746773}
  m_CullTransparentMesh: 0
--- !u!114 &23416725623596005
MonoBehaviour:
  m_ObjectHideFlags: 0
  m_CorrespondingSourceObject: {fileID: 0}
  m_PrefabInstance: {fileID: 0}
  m_PrefabAsset: {fileID: 0}
  m_GameObject: {fileID: 7880207688038746773}
  m_Enabled: 1
  m_EditorHideFlags: 0
  m_Script: {fileID: 11500000, guid: fe87c0e1cc204ed48ad3b37840f39efc, type: 3}
  m_Name: 
  m_EditorClassIdentifier: 
  m_Material: {fileID: 0}
  m_Color: {r: 1, g: 1, b: 1, a: 1}
  m_RaycastTarget: 1
  m_RaycastPadding: {x: 0, y: 0, z: 0, w: 0}
  m_Maskable: 1
  m_OnCullStateChanged:
    m_PersistentCalls:
      m_Calls: []
  m_Sprite: {fileID: 4635723901098607618, guid: b9dfe3dc5556df449bd0ec2e6fadf986, type: 3}
  m_Type: 0
  m_PreserveAspect: 0
  m_FillCenter: 1
  m_FillMethod: 4
  m_FillAmount: 1
  m_FillClockwise: 1
  m_FillOrigin: 0
  m_UseSpriteMesh: 0
  m_PixelsPerUnitMultiplier: 1
--- !u!1 &8568021700884091095
GameObject:
  m_ObjectHideFlags: 0
  m_CorrespondingSourceObject: {fileID: 0}
  m_PrefabInstance: {fileID: 0}
  m_PrefabAsset: {fileID: 0}
  serializedVersion: 6
  m_Component:
  - component: {fileID: 8337503713589997873}
  m_Layer: 0
  m_Name: Tracke
  m_TagString: Untagged
  m_Icon: {fileID: 0}
  m_NavMeshLayer: 0
  m_StaticEditorFlags: 0
  m_IsActive: 1
--- !u!4 &8337503713589997873
Transform:
  m_ObjectHideFlags: 0
  m_CorrespondingSourceObject: {fileID: 0}
  m_PrefabInstance: {fileID: 0}
  m_PrefabAsset: {fileID: 0}
  m_GameObject: {fileID: 8568021700884091095}
  m_LocalRotation: {x: -0.70710707, y: -0, z: -0, w: 0.70710653}
  m_LocalPosition: {x: 0, y: 0, z: 0}
  m_LocalScale: {x: 1, y: 1, z: 1}
  m_Children:
  - {fileID: 1892919508}
  m_Father: {fileID: 2748817393516502664}
  m_RootOrder: 1
  m_LocalEulerAnglesHint: {x: -90, y: 0, z: 0}
--- !u!1001 &4142368182626188746
PrefabInstance:
  m_ObjectHideFlags: 0
  serializedVersion: 2
  m_Modification:
    m_TransformParent: {fileID: 61946963}
    m_Modifications:
    - target: {fileID: 485738080177798254, guid: f899ddb33d3b6814a9e439dd7113c0e3, type: 3}
      propertyPath: m_AnchoredPosition.x
      value: 398.5105
      objectReference: {fileID: 0}
    - target: {fileID: 485738080177798254, guid: f899ddb33d3b6814a9e439dd7113c0e3, type: 3}
      propertyPath: m_SizeDelta.x
      value: 797.021
      objectReference: {fileID: 0}
    - target: {fileID: 485738080177798254, guid: f899ddb33d3b6814a9e439dd7113c0e3, type: 3}
      propertyPath: m_AnchorMin.y
      value: 0
      objectReference: {fileID: 0}
    - target: {fileID: 485738080177798254, guid: f899ddb33d3b6814a9e439dd7113c0e3, type: 3}
      propertyPath: m_AnchorMax.y
      value: 0
      objectReference: {fileID: 0}
    - target: {fileID: 485738080177798254, guid: f899ddb33d3b6814a9e439dd7113c0e3, type: 3}
      propertyPath: m_SizeDelta.y
      value: 0
      objectReference: {fileID: 0}
    - target: {fileID: 485738080177798254, guid: f899ddb33d3b6814a9e439dd7113c0e3, type: 3}
      propertyPath: m_AnchoredPosition.y
      value: 0
      objectReference: {fileID: 0}
    - target: {fileID: 2385920292290027372, guid: f899ddb33d3b6814a9e439dd7113c0e3, type: 3}
      propertyPath: m_FontData.m_MaxSize
      value: 100
      objectReference: {fileID: 0}
    - target: {fileID: 3364550182358145362, guid: f899ddb33d3b6814a9e439dd7113c0e3, type: 3}
      propertyPath: m_AnchoredPosition.x
      value: 398.5105
      objectReference: {fileID: 0}
    - target: {fileID: 3364550182358145362, guid: f899ddb33d3b6814a9e439dd7113c0e3, type: 3}
      propertyPath: m_SizeDelta.x
      value: 787.021
      objectReference: {fileID: 0}
    - target: {fileID: 3364550182358145362, guid: f899ddb33d3b6814a9e439dd7113c0e3, type: 3}
      propertyPath: m_AnchorMin.y
      value: 0
      objectReference: {fileID: 0}
    - target: {fileID: 3364550182358145362, guid: f899ddb33d3b6814a9e439dd7113c0e3, type: 3}
      propertyPath: m_AnchorMax.y
      value: 0
      objectReference: {fileID: 0}
    - target: {fileID: 3364550182358145362, guid: f899ddb33d3b6814a9e439dd7113c0e3, type: 3}
      propertyPath: m_AnchoredPosition.y
      value: 0
      objectReference: {fileID: 0}
    - target: {fileID: 3364550182358145362, guid: f899ddb33d3b6814a9e439dd7113c0e3, type: 3}
      propertyPath: m_SizeDelta.y
      value: 0
      objectReference: {fileID: 0}
    - target: {fileID: 3364550183614022270, guid: f899ddb33d3b6814a9e439dd7113c0e3, type: 3}
      propertyPath: m_AnchoredPosition.x
      value: 398.5105
      objectReference: {fileID: 0}
    - target: {fileID: 3364550183614022270, guid: f899ddb33d3b6814a9e439dd7113c0e3, type: 3}
      propertyPath: m_SizeDelta.x
      value: 787.021
      objectReference: {fileID: 0}
    - target: {fileID: 3364550183614022270, guid: f899ddb33d3b6814a9e439dd7113c0e3, type: 3}
      propertyPath: m_AnchorMin.y
      value: 0
      objectReference: {fileID: 0}
    - target: {fileID: 3364550183614022270, guid: f899ddb33d3b6814a9e439dd7113c0e3, type: 3}
      propertyPath: m_AnchorMax.y
      value: 0
      objectReference: {fileID: 0}
    - target: {fileID: 3364550183614022270, guid: f899ddb33d3b6814a9e439dd7113c0e3, type: 3}
      propertyPath: m_AnchoredPosition.y
      value: 0
      objectReference: {fileID: 0}
    - target: {fileID: 3364550183614022270, guid: f899ddb33d3b6814a9e439dd7113c0e3, type: 3}
      propertyPath: m_SizeDelta.y
      value: 0
      objectReference: {fileID: 0}
    - target: {fileID: 5105428430406151679, guid: f899ddb33d3b6814a9e439dd7113c0e3, type: 3}
      propertyPath: m_AnchoredPosition.x
      value: 398.5105
      objectReference: {fileID: 0}
    - target: {fileID: 5105428430406151679, guid: f899ddb33d3b6814a9e439dd7113c0e3, type: 3}
      propertyPath: m_SizeDelta.x
      value: 797.021
      objectReference: {fileID: 0}
    - target: {fileID: 5105428430406151679, guid: f899ddb33d3b6814a9e439dd7113c0e3, type: 3}
      propertyPath: m_AnchorMin.y
      value: 0
      objectReference: {fileID: 0}
    - target: {fileID: 5105428430406151679, guid: f899ddb33d3b6814a9e439dd7113c0e3, type: 3}
      propertyPath: m_AnchorMax.y
      value: 0
      objectReference: {fileID: 0}
    - target: {fileID: 5105428430406151679, guid: f899ddb33d3b6814a9e439dd7113c0e3, type: 3}
      propertyPath: m_AnchoredPosition.y
      value: 0
      objectReference: {fileID: 0}
    - target: {fileID: 5105428430406151679, guid: f899ddb33d3b6814a9e439dd7113c0e3, type: 3}
      propertyPath: m_SizeDelta.y
      value: 0
      objectReference: {fileID: 0}
    - target: {fileID: 5105428431666755283, guid: f899ddb33d3b6814a9e439dd7113c0e3, type: 3}
      propertyPath: m_AnchoredPosition.x
      value: 398.5105
      objectReference: {fileID: 0}
    - target: {fileID: 5105428431666755283, guid: f899ddb33d3b6814a9e439dd7113c0e3, type: 3}
      propertyPath: m_SizeDelta.x
      value: 797.021
      objectReference: {fileID: 0}
    - target: {fileID: 5105428431666755283, guid: f899ddb33d3b6814a9e439dd7113c0e3, type: 3}
      propertyPath: m_AnchorMin.y
      value: 0
      objectReference: {fileID: 0}
    - target: {fileID: 5105428431666755283, guid: f899ddb33d3b6814a9e439dd7113c0e3, type: 3}
      propertyPath: m_AnchorMax.y
      value: 0
      objectReference: {fileID: 0}
    - target: {fileID: 5105428431666755283, guid: f899ddb33d3b6814a9e439dd7113c0e3, type: 3}
      propertyPath: m_AnchoredPosition.y
      value: 0
      objectReference: {fileID: 0}
    - target: {fileID: 5105428431666755283, guid: f899ddb33d3b6814a9e439dd7113c0e3, type: 3}
      propertyPath: m_SizeDelta.y
      value: 0
      objectReference: {fileID: 0}
    - target: {fileID: 7024469672053346045, guid: f899ddb33d3b6814a9e439dd7113c0e3, type: 3}
      propertyPath: m_FontData.m_MaxSize
      value: 100
      objectReference: {fileID: 0}
    - target: {fileID: 7024469673242154449, guid: f899ddb33d3b6814a9e439dd7113c0e3, type: 3}
      propertyPath: m_FontData.m_MaxSize
      value: 100
      objectReference: {fileID: 0}
    - target: {fileID: 7986809302245659631, guid: f899ddb33d3b6814a9e439dd7113c0e3, type: 3}
      propertyPath: m_AnchoredPosition.x
      value: 398.5105
      objectReference: {fileID: 0}
    - target: {fileID: 7986809302245659631, guid: f899ddb33d3b6814a9e439dd7113c0e3, type: 3}
      propertyPath: m_SizeDelta.x
      value: 787.021
      objectReference: {fileID: 0}
    - target: {fileID: 7986809302245659631, guid: f899ddb33d3b6814a9e439dd7113c0e3, type: 3}
      propertyPath: m_AnchorMin.y
      value: 0
      objectReference: {fileID: 0}
    - target: {fileID: 7986809302245659631, guid: f899ddb33d3b6814a9e439dd7113c0e3, type: 3}
      propertyPath: m_AnchorMax.y
      value: 0
      objectReference: {fileID: 0}
    - target: {fileID: 7986809302245659631, guid: f899ddb33d3b6814a9e439dd7113c0e3, type: 3}
      propertyPath: m_AnchoredPosition.y
      value: 0
      objectReference: {fileID: 0}
    - target: {fileID: 7986809302245659631, guid: f899ddb33d3b6814a9e439dd7113c0e3, type: 3}
      propertyPath: m_SizeDelta.y
      value: 0
      objectReference: {fileID: 0}
    - target: {fileID: 8890596090724007892, guid: f899ddb33d3b6814a9e439dd7113c0e3, type: 3}
      propertyPath: m_AnchoredPosition.x
      value: 0
      objectReference: {fileID: 0}
    - target: {fileID: 8890596090724007892, guid: f899ddb33d3b6814a9e439dd7113c0e3, type: 3}
      propertyPath: m_SizeDelta.y
      value: 0
      objectReference: {fileID: 0}
    - target: {fileID: 8890596091420250487, guid: f899ddb33d3b6814a9e439dd7113c0e3, type: 3}
      propertyPath: m_SizeDelta.y
      value: 0
      objectReference: {fileID: 0}
    - target: {fileID: 8890596091420250487, guid: f899ddb33d3b6814a9e439dd7113c0e3, type: 3}
      propertyPath: m_AnchoredPosition.x
      value: 0
      objectReference: {fileID: 0}
    - target: {fileID: 8890596091420250489, guid: f899ddb33d3b6814a9e439dd7113c0e3, type: 3}
      propertyPath: m_Spacing
      value: 15
      objectReference: {fileID: 0}
    - target: {fileID: 8890596091632380957, guid: f899ddb33d3b6814a9e439dd7113c0e3, type: 3}
      propertyPath: m_Name
      value: DialogueGirl2
      objectReference: {fileID: 0}
    - target: {fileID: 8890596091632380958, guid: f899ddb33d3b6814a9e439dd7113c0e3, type: 3}
      propertyPath: m_LocalPosition.x
      value: 0
      objectReference: {fileID: 0}
    - target: {fileID: 8890596091632380958, guid: f899ddb33d3b6814a9e439dd7113c0e3, type: 3}
      propertyPath: m_LocalPosition.y
      value: 0
      objectReference: {fileID: 0}
    - target: {fileID: 8890596091632380958, guid: f899ddb33d3b6814a9e439dd7113c0e3, type: 3}
      propertyPath: m_LocalPosition.z
      value: 0
      objectReference: {fileID: 0}
    - target: {fileID: 8890596091632380958, guid: f899ddb33d3b6814a9e439dd7113c0e3, type: 3}
      propertyPath: m_RootOrder
      value: 2
      objectReference: {fileID: 0}
    - target: {fileID: 8890596091632380958, guid: f899ddb33d3b6814a9e439dd7113c0e3, type: 3}
      propertyPath: m_LocalEulerAnglesHint.x
      value: 0
      objectReference: {fileID: 0}
    - target: {fileID: 8890596091632380958, guid: f899ddb33d3b6814a9e439dd7113c0e3, type: 3}
      propertyPath: m_LocalEulerAnglesHint.y
      value: 0
      objectReference: {fileID: 0}
    - target: {fileID: 8890596091632380958, guid: f899ddb33d3b6814a9e439dd7113c0e3, type: 3}
      propertyPath: m_LocalEulerAnglesHint.z
      value: 0
      objectReference: {fileID: 0}
    - target: {fileID: 8890596091632381024, guid: f899ddb33d3b6814a9e439dd7113c0e3, type: 3}
      propertyPath: onDialogueEnd.m_PersistentCalls.m_Calls.Array.size
      value: 1
      objectReference: {fileID: 0}
    - target: {fileID: 8890596091632381024, guid: f899ddb33d3b6814a9e439dd7113c0e3, type: 3}
      propertyPath: onDialogueEnd.m_PersistentCalls.m_Calls.Array.data[0].m_Mode
      value: 1
      objectReference: {fileID: 0}
    - target: {fileID: 8890596091632381024, guid: f899ddb33d3b6814a9e439dd7113c0e3, type: 3}
      propertyPath: onDialogueEnd.m_PersistentCalls.m_Calls.Array.data[0].m_CallState
      value: 2
      objectReference: {fileID: 0}
    - target: {fileID: 8890596091632381024, guid: f899ddb33d3b6814a9e439dd7113c0e3, type: 3}
      propertyPath: onDialogueEnd.m_PersistentCalls.m_Calls.Array.data[0].m_Target
      value: 
      objectReference: {fileID: -5895485743142055656}
    - target: {fileID: 8890596091632381024, guid: f899ddb33d3b6814a9e439dd7113c0e3, type: 3}
      propertyPath: onDialogueEnd.m_PersistentCalls.m_Calls.Array.data[0].m_TargetAssemblyTypeName
      value: GameStep, Assembly-CSharp
      objectReference: {fileID: 0}
    - target: {fileID: 8890596091632381024, guid: f899ddb33d3b6814a9e439dd7113c0e3, type: 3}
      propertyPath: onDialogueEnd.m_PersistentCalls.m_Calls.Array.data[0].m_MethodName
      value: MarkAsComplete
      objectReference: {fileID: 0}
    - target: {fileID: 8890596091632381024, guid: f899ddb33d3b6814a9e439dd7113c0e3, type: 3}
      propertyPath: onDialogueEnd.m_PersistentCalls.m_Calls.Array.data[0].m_Arguments.m_ObjectArgumentAssemblyTypeName
      value: UnityEngine.Object, UnityEngine
      objectReference: {fileID: 0}
    - target: {fileID: 8890596091632381025, guid: f899ddb33d3b6814a9e439dd7113c0e3, type: 3}
      propertyPath: yarnScripts.Array.size
      value: 1
      objectReference: {fileID: 0}
    - target: {fileID: 8890596091632381025, guid: f899ddb33d3b6814a9e439dd7113c0e3, type: 3}
      propertyPath: yarnScripts.Array.data[0]
      value: 
      objectReference: {fileID: 2480198943629176163, guid: c3502baa5cea6dc4da800d743f3d68ee, type: 3}
    - target: {fileID: 8890596091632381025, guid: f899ddb33d3b6814a9e439dd7113c0e3, type: 3}
      propertyPath: startAutomatically
      value: 0
      objectReference: {fileID: 0}
    m_RemovedComponents: []
  m_SourcePrefab: {fileID: 100100000, guid: f899ddb33d3b6814a9e439dd7113c0e3, type: 3}
--- !u!114 &4763994631013208491 stripped
MonoBehaviour:
  m_CorrespondingSourceObject: {fileID: 8890596091632381025, guid: f899ddb33d3b6814a9e439dd7113c0e3, type: 3}
  m_PrefabInstance: {fileID: 4142368182626188746}
  m_PrefabAsset: {fileID: 0}
  m_GameObject: {fileID: 4763994631013208535}
  m_Enabled: 1
  m_EditorHideFlags: 0
  m_Script: {fileID: 11500000, guid: 4bec29c0a230741bdac901dba8da47ee, type: 3}
  m_Name: 
  m_EditorClassIdentifier: 
--- !u!224 &4763994631013208532 stripped
RectTransform:
  m_CorrespondingSourceObject: {fileID: 8890596091632380958, guid: f899ddb33d3b6814a9e439dd7113c0e3, type: 3}
  m_PrefabInstance: {fileID: 4142368182626188746}
  m_PrefabAsset: {fileID: 0}
--- !u!1 &4763994631013208535 stripped
GameObject:
  m_CorrespondingSourceObject: {fileID: 8890596091632380957, guid: f899ddb33d3b6814a9e439dd7113c0e3, type: 3}
  m_PrefabInstance: {fileID: 4142368182626188746}
  m_PrefabAsset: {fileID: 0}
--- !u!1001 &5256971655652819053
PrefabInstance:
  m_ObjectHideFlags: 0
  serializedVersion: 2
  m_Modification:
    m_TransformParent: {fileID: 61946963}
    m_Modifications:
    - target: {fileID: 485738080177798254, guid: f899ddb33d3b6814a9e439dd7113c0e3, type: 3}
      propertyPath: m_AnchoredPosition.x
      value: 398.5105
      objectReference: {fileID: 0}
    - target: {fileID: 485738080177798254, guid: f899ddb33d3b6814a9e439dd7113c0e3, type: 3}
      propertyPath: m_SizeDelta.x
      value: 797.021
      objectReference: {fileID: 0}
    - target: {fileID: 485738080177798254, guid: f899ddb33d3b6814a9e439dd7113c0e3, type: 3}
      propertyPath: m_AnchorMin.y
      value: 0
      objectReference: {fileID: 0}
    - target: {fileID: 485738080177798254, guid: f899ddb33d3b6814a9e439dd7113c0e3, type: 3}
      propertyPath: m_AnchorMax.y
      value: 0
      objectReference: {fileID: 0}
    - target: {fileID: 485738080177798254, guid: f899ddb33d3b6814a9e439dd7113c0e3, type: 3}
      propertyPath: m_SizeDelta.y
      value: 0
      objectReference: {fileID: 0}
    - target: {fileID: 485738080177798254, guid: f899ddb33d3b6814a9e439dd7113c0e3, type: 3}
      propertyPath: m_AnchoredPosition.y
      value: 0
      objectReference: {fileID: 0}
    - target: {fileID: 2385920292290027372, guid: f899ddb33d3b6814a9e439dd7113c0e3, type: 3}
      propertyPath: m_FontData.m_MaxSize
      value: 100
      objectReference: {fileID: 0}
    - target: {fileID: 3364550182358145362, guid: f899ddb33d3b6814a9e439dd7113c0e3, type: 3}
      propertyPath: m_AnchoredPosition.x
      value: 398.5105
      objectReference: {fileID: 0}
    - target: {fileID: 3364550182358145362, guid: f899ddb33d3b6814a9e439dd7113c0e3, type: 3}
      propertyPath: m_SizeDelta.x
      value: 787.021
      objectReference: {fileID: 0}
    - target: {fileID: 3364550182358145362, guid: f899ddb33d3b6814a9e439dd7113c0e3, type: 3}
      propertyPath: m_AnchorMin.y
      value: 0
      objectReference: {fileID: 0}
    - target: {fileID: 3364550182358145362, guid: f899ddb33d3b6814a9e439dd7113c0e3, type: 3}
      propertyPath: m_AnchorMax.y
      value: 0
      objectReference: {fileID: 0}
    - target: {fileID: 3364550182358145362, guid: f899ddb33d3b6814a9e439dd7113c0e3, type: 3}
      propertyPath: m_AnchoredPosition.y
      value: 0
      objectReference: {fileID: 0}
    - target: {fileID: 3364550182358145362, guid: f899ddb33d3b6814a9e439dd7113c0e3, type: 3}
      propertyPath: m_SizeDelta.y
      value: 0
      objectReference: {fileID: 0}
    - target: {fileID: 3364550183614022270, guid: f899ddb33d3b6814a9e439dd7113c0e3, type: 3}
      propertyPath: m_AnchoredPosition.x
      value: 398.5105
      objectReference: {fileID: 0}
    - target: {fileID: 3364550183614022270, guid: f899ddb33d3b6814a9e439dd7113c0e3, type: 3}
      propertyPath: m_SizeDelta.x
      value: 787.021
      objectReference: {fileID: 0}
    - target: {fileID: 3364550183614022270, guid: f899ddb33d3b6814a9e439dd7113c0e3, type: 3}
      propertyPath: m_AnchorMin.y
      value: 0
      objectReference: {fileID: 0}
    - target: {fileID: 3364550183614022270, guid: f899ddb33d3b6814a9e439dd7113c0e3, type: 3}
      propertyPath: m_AnchorMax.y
      value: 0
      objectReference: {fileID: 0}
    - target: {fileID: 3364550183614022270, guid: f899ddb33d3b6814a9e439dd7113c0e3, type: 3}
      propertyPath: m_AnchoredPosition.y
      value: 0
      objectReference: {fileID: 0}
    - target: {fileID: 3364550183614022270, guid: f899ddb33d3b6814a9e439dd7113c0e3, type: 3}
      propertyPath: m_SizeDelta.y
      value: 0
      objectReference: {fileID: 0}
    - target: {fileID: 5105428430406151679, guid: f899ddb33d3b6814a9e439dd7113c0e3, type: 3}
      propertyPath: m_AnchoredPosition.x
      value: 398.5105
      objectReference: {fileID: 0}
    - target: {fileID: 5105428430406151679, guid: f899ddb33d3b6814a9e439dd7113c0e3, type: 3}
      propertyPath: m_SizeDelta.x
      value: 797.021
      objectReference: {fileID: 0}
    - target: {fileID: 5105428430406151679, guid: f899ddb33d3b6814a9e439dd7113c0e3, type: 3}
      propertyPath: m_AnchorMin.y
      value: 0
      objectReference: {fileID: 0}
    - target: {fileID: 5105428430406151679, guid: f899ddb33d3b6814a9e439dd7113c0e3, type: 3}
      propertyPath: m_AnchorMax.y
      value: 0
      objectReference: {fileID: 0}
    - target: {fileID: 5105428430406151679, guid: f899ddb33d3b6814a9e439dd7113c0e3, type: 3}
      propertyPath: m_AnchoredPosition.y
      value: 0
      objectReference: {fileID: 0}
    - target: {fileID: 5105428430406151679, guid: f899ddb33d3b6814a9e439dd7113c0e3, type: 3}
      propertyPath: m_SizeDelta.y
      value: 0
      objectReference: {fileID: 0}
    - target: {fileID: 5105428431666755283, guid: f899ddb33d3b6814a9e439dd7113c0e3, type: 3}
      propertyPath: m_AnchoredPosition.x
      value: 398.5105
      objectReference: {fileID: 0}
    - target: {fileID: 5105428431666755283, guid: f899ddb33d3b6814a9e439dd7113c0e3, type: 3}
      propertyPath: m_SizeDelta.x
      value: 797.021
      objectReference: {fileID: 0}
    - target: {fileID: 5105428431666755283, guid: f899ddb33d3b6814a9e439dd7113c0e3, type: 3}
      propertyPath: m_AnchorMin.y
      value: 0
      objectReference: {fileID: 0}
    - target: {fileID: 5105428431666755283, guid: f899ddb33d3b6814a9e439dd7113c0e3, type: 3}
      propertyPath: m_AnchorMax.y
      value: 0
      objectReference: {fileID: 0}
    - target: {fileID: 5105428431666755283, guid: f899ddb33d3b6814a9e439dd7113c0e3, type: 3}
      propertyPath: m_AnchoredPosition.y
      value: 0
      objectReference: {fileID: 0}
    - target: {fileID: 5105428431666755283, guid: f899ddb33d3b6814a9e439dd7113c0e3, type: 3}
      propertyPath: m_SizeDelta.y
      value: 0
      objectReference: {fileID: 0}
    - target: {fileID: 7024469672053346045, guid: f899ddb33d3b6814a9e439dd7113c0e3, type: 3}
      propertyPath: m_FontData.m_MaxSize
      value: 100
      objectReference: {fileID: 0}
    - target: {fileID: 7024469673242154449, guid: f899ddb33d3b6814a9e439dd7113c0e3, type: 3}
      propertyPath: m_FontData.m_MaxSize
      value: 100
      objectReference: {fileID: 0}
    - target: {fileID: 7986809302245659631, guid: f899ddb33d3b6814a9e439dd7113c0e3, type: 3}
      propertyPath: m_AnchoredPosition.x
      value: 398.5105
      objectReference: {fileID: 0}
    - target: {fileID: 7986809302245659631, guid: f899ddb33d3b6814a9e439dd7113c0e3, type: 3}
      propertyPath: m_SizeDelta.x
      value: 787.021
      objectReference: {fileID: 0}
    - target: {fileID: 7986809302245659631, guid: f899ddb33d3b6814a9e439dd7113c0e3, type: 3}
      propertyPath: m_AnchorMin.y
      value: 0
      objectReference: {fileID: 0}
    - target: {fileID: 7986809302245659631, guid: f899ddb33d3b6814a9e439dd7113c0e3, type: 3}
      propertyPath: m_AnchorMax.y
      value: 0
      objectReference: {fileID: 0}
    - target: {fileID: 7986809302245659631, guid: f899ddb33d3b6814a9e439dd7113c0e3, type: 3}
      propertyPath: m_AnchoredPosition.y
      value: 0
      objectReference: {fileID: 0}
    - target: {fileID: 7986809302245659631, guid: f899ddb33d3b6814a9e439dd7113c0e3, type: 3}
      propertyPath: m_SizeDelta.y
      value: 0
      objectReference: {fileID: 0}
    - target: {fileID: 8890596090724007892, guid: f899ddb33d3b6814a9e439dd7113c0e3, type: 3}
      propertyPath: m_AnchoredPosition.x
      value: 0
      objectReference: {fileID: 0}
    - target: {fileID: 8890596090724007892, guid: f899ddb33d3b6814a9e439dd7113c0e3, type: 3}
      propertyPath: m_SizeDelta.y
      value: 0
      objectReference: {fileID: 0}
    - target: {fileID: 8890596091420250487, guid: f899ddb33d3b6814a9e439dd7113c0e3, type: 3}
      propertyPath: m_SizeDelta.y
      value: 0
      objectReference: {fileID: 0}
    - target: {fileID: 8890596091420250487, guid: f899ddb33d3b6814a9e439dd7113c0e3, type: 3}
      propertyPath: m_AnchoredPosition.x
      value: 0
      objectReference: {fileID: 0}
    - target: {fileID: 8890596091420250489, guid: f899ddb33d3b6814a9e439dd7113c0e3, type: 3}
      propertyPath: m_Spacing
      value: 15
      objectReference: {fileID: 0}
    - target: {fileID: 8890596091632380957, guid: f899ddb33d3b6814a9e439dd7113c0e3, type: 3}
      propertyPath: m_Name
      value: DialogueGirl
      objectReference: {fileID: 0}
    - target: {fileID: 8890596091632380958, guid: f899ddb33d3b6814a9e439dd7113c0e3, type: 3}
      propertyPath: m_LocalPosition.x
      value: 0
      objectReference: {fileID: 0}
    - target: {fileID: 8890596091632380958, guid: f899ddb33d3b6814a9e439dd7113c0e3, type: 3}
      propertyPath: m_LocalPosition.y
      value: 0
      objectReference: {fileID: 0}
    - target: {fileID: 8890596091632380958, guid: f899ddb33d3b6814a9e439dd7113c0e3, type: 3}
      propertyPath: m_LocalPosition.z
      value: 0
      objectReference: {fileID: 0}
    - target: {fileID: 8890596091632380958, guid: f899ddb33d3b6814a9e439dd7113c0e3, type: 3}
      propertyPath: m_RootOrder
      value: 0
      objectReference: {fileID: 0}
    - target: {fileID: 8890596091632380958, guid: f899ddb33d3b6814a9e439dd7113c0e3, type: 3}
      propertyPath: m_LocalEulerAnglesHint.x
      value: 0
      objectReference: {fileID: 0}
    - target: {fileID: 8890596091632380958, guid: f899ddb33d3b6814a9e439dd7113c0e3, type: 3}
      propertyPath: m_LocalEulerAnglesHint.y
      value: 0
      objectReference: {fileID: 0}
    - target: {fileID: 8890596091632380958, guid: f899ddb33d3b6814a9e439dd7113c0e3, type: 3}
      propertyPath: m_LocalEulerAnglesHint.z
      value: 0
      objectReference: {fileID: 0}
    - target: {fileID: 8890596091632381024, guid: f899ddb33d3b6814a9e439dd7113c0e3, type: 3}
      propertyPath: onDialogueEnd.m_PersistentCalls.m_Calls.Array.size
      value: 0
      objectReference: {fileID: 0}
    - target: {fileID: 8890596091632381024, guid: f899ddb33d3b6814a9e439dd7113c0e3, type: 3}
      propertyPath: onDialogueEnd.m_PersistentCalls.m_Calls.Array.data[0].m_Mode
      value: 1
      objectReference: {fileID: 0}
    - target: {fileID: 8890596091632381024, guid: f899ddb33d3b6814a9e439dd7113c0e3, type: 3}
      propertyPath: onDialogueEnd.m_PersistentCalls.m_Calls.Array.data[0].m_CallState
      value: 2
      objectReference: {fileID: 0}
    - target: {fileID: 8890596091632381024, guid: f899ddb33d3b6814a9e439dd7113c0e3, type: 3}
      propertyPath: onDialogueEnd.m_PersistentCalls.m_Calls.Array.data[0].m_Target
      value: 
      objectReference: {fileID: 0}
    - target: {fileID: 8890596091632381024, guid: f899ddb33d3b6814a9e439dd7113c0e3, type: 3}
      propertyPath: onDialogueEnd.m_PersistentCalls.m_Calls.Array.data[0].m_TargetAssemblyTypeName
      value: GameStep, Assembly-CSharp
      objectReference: {fileID: 0}
    - target: {fileID: 8890596091632381024, guid: f899ddb33d3b6814a9e439dd7113c0e3, type: 3}
      propertyPath: onDialogueEnd.m_PersistentCalls.m_Calls.Array.data[0].m_MethodName
      value: MarkAsComplete
      objectReference: {fileID: 0}
    - target: {fileID: 8890596091632381024, guid: f899ddb33d3b6814a9e439dd7113c0e3, type: 3}
      propertyPath: onDialogueEnd.m_PersistentCalls.m_Calls.Array.data[0].m_Arguments.m_ObjectArgumentAssemblyTypeName
      value: UnityEngine.Object, UnityEngine
      objectReference: {fileID: 0}
    - target: {fileID: 8890596091632381025, guid: f899ddb33d3b6814a9e439dd7113c0e3, type: 3}
      propertyPath: yarnScripts.Array.size
      value: 1
      objectReference: {fileID: 0}
    - target: {fileID: 8890596091632381025, guid: f899ddb33d3b6814a9e439dd7113c0e3, type: 3}
      propertyPath: yarnScripts.Array.data[0]
      value: 
      objectReference: {fileID: 2480198943629176163, guid: dfb55a8ab177f2c4aaeab581aafede55, type: 3}
    - target: {fileID: 8890596091632381025, guid: f899ddb33d3b6814a9e439dd7113c0e3, type: 3}
      propertyPath: startAutomatically
      value: 1
      objectReference: {fileID: 0}
    m_RemovedComponents: []
  m_SourcePrefab: {fileID: 100100000, guid: f899ddb33d3b6814a9e439dd7113c0e3, type: 3}
--- !u!114 &3716945049184021516 stripped
MonoBehaviour:
  m_CorrespondingSourceObject: {fileID: 8890596091632381025, guid: f899ddb33d3b6814a9e439dd7113c0e3, type: 3}
  m_PrefabInstance: {fileID: 5256971655652819053}
  m_PrefabAsset: {fileID: 0}
  m_GameObject: {fileID: 3716945049184021616}
  m_Enabled: 1
  m_EditorHideFlags: 0
  m_Script: {fileID: 11500000, guid: 4bec29c0a230741bdac901dba8da47ee, type: 3}
  m_Name: 
  m_EditorClassIdentifier: 
--- !u!224 &3716945049184021619 stripped
RectTransform:
  m_CorrespondingSourceObject: {fileID: 8890596091632380958, guid: f899ddb33d3b6814a9e439dd7113c0e3, type: 3}
  m_PrefabInstance: {fileID: 5256971655652819053}
  m_PrefabAsset: {fileID: 0}
--- !u!1 &3716945049184021616 stripped
GameObject:
  m_CorrespondingSourceObject: {fileID: 8890596091632380957, guid: f899ddb33d3b6814a9e439dd7113c0e3, type: 3}
  m_PrefabInstance: {fileID: 5256971655652819053}
  m_PrefabAsset: {fileID: 0}
--- !u!1001 &7056329025810266575
PrefabInstance:
  m_ObjectHideFlags: 0
  serializedVersion: 2
  m_Modification:
    m_TransformParent: {fileID: 61946963}
    m_Modifications:
    - target: {fileID: 485738080177798254, guid: f899ddb33d3b6814a9e439dd7113c0e3, type: 3}
      propertyPath: m_AnchoredPosition.x
      value: 398.5105
      objectReference: {fileID: 0}
    - target: {fileID: 485738080177798254, guid: f899ddb33d3b6814a9e439dd7113c0e3, type: 3}
      propertyPath: m_SizeDelta.x
      value: 797.021
      objectReference: {fileID: 0}
    - target: {fileID: 485738080177798254, guid: f899ddb33d3b6814a9e439dd7113c0e3, type: 3}
      propertyPath: m_AnchorMin.y
      value: 0
      objectReference: {fileID: 0}
    - target: {fileID: 485738080177798254, guid: f899ddb33d3b6814a9e439dd7113c0e3, type: 3}
      propertyPath: m_AnchorMax.y
      value: 0
      objectReference: {fileID: 0}
    - target: {fileID: 485738080177798254, guid: f899ddb33d3b6814a9e439dd7113c0e3, type: 3}
      propertyPath: m_SizeDelta.y
      value: 0
      objectReference: {fileID: 0}
    - target: {fileID: 485738080177798254, guid: f899ddb33d3b6814a9e439dd7113c0e3, type: 3}
      propertyPath: m_AnchoredPosition.y
      value: 0
      objectReference: {fileID: 0}
    - target: {fileID: 2385920292290027372, guid: f899ddb33d3b6814a9e439dd7113c0e3, type: 3}
      propertyPath: m_FontData.m_MaxSize
      value: 100
      objectReference: {fileID: 0}
    - target: {fileID: 3364550182358145362, guid: f899ddb33d3b6814a9e439dd7113c0e3, type: 3}
      propertyPath: m_AnchoredPosition.x
      value: 398.5105
      objectReference: {fileID: 0}
    - target: {fileID: 3364550182358145362, guid: f899ddb33d3b6814a9e439dd7113c0e3, type: 3}
      propertyPath: m_SizeDelta.x
      value: 787.021
      objectReference: {fileID: 0}
    - target: {fileID: 3364550182358145362, guid: f899ddb33d3b6814a9e439dd7113c0e3, type: 3}
      propertyPath: m_AnchorMin.y
      value: 0
      objectReference: {fileID: 0}
    - target: {fileID: 3364550182358145362, guid: f899ddb33d3b6814a9e439dd7113c0e3, type: 3}
      propertyPath: m_AnchorMax.y
      value: 0
      objectReference: {fileID: 0}
    - target: {fileID: 3364550182358145362, guid: f899ddb33d3b6814a9e439dd7113c0e3, type: 3}
      propertyPath: m_AnchoredPosition.y
      value: 0
      objectReference: {fileID: 0}
    - target: {fileID: 3364550182358145362, guid: f899ddb33d3b6814a9e439dd7113c0e3, type: 3}
      propertyPath: m_SizeDelta.y
      value: 0
      objectReference: {fileID: 0}
    - target: {fileID: 3364550183614022270, guid: f899ddb33d3b6814a9e439dd7113c0e3, type: 3}
      propertyPath: m_AnchoredPosition.x
      value: 398.5105
      objectReference: {fileID: 0}
    - target: {fileID: 3364550183614022270, guid: f899ddb33d3b6814a9e439dd7113c0e3, type: 3}
      propertyPath: m_SizeDelta.x
      value: 787.021
      objectReference: {fileID: 0}
    - target: {fileID: 3364550183614022270, guid: f899ddb33d3b6814a9e439dd7113c0e3, type: 3}
      propertyPath: m_AnchorMin.y
      value: 0
      objectReference: {fileID: 0}
    - target: {fileID: 3364550183614022270, guid: f899ddb33d3b6814a9e439dd7113c0e3, type: 3}
      propertyPath: m_AnchorMax.y
      value: 0
      objectReference: {fileID: 0}
    - target: {fileID: 3364550183614022270, guid: f899ddb33d3b6814a9e439dd7113c0e3, type: 3}
      propertyPath: m_AnchoredPosition.y
      value: 0
      objectReference: {fileID: 0}
    - target: {fileID: 3364550183614022270, guid: f899ddb33d3b6814a9e439dd7113c0e3, type: 3}
      propertyPath: m_SizeDelta.y
      value: 0
      objectReference: {fileID: 0}
    - target: {fileID: 5105428430406151679, guid: f899ddb33d3b6814a9e439dd7113c0e3, type: 3}
      propertyPath: m_AnchoredPosition.x
      value: 398.5105
      objectReference: {fileID: 0}
    - target: {fileID: 5105428430406151679, guid: f899ddb33d3b6814a9e439dd7113c0e3, type: 3}
      propertyPath: m_SizeDelta.x
      value: 797.021
      objectReference: {fileID: 0}
    - target: {fileID: 5105428430406151679, guid: f899ddb33d3b6814a9e439dd7113c0e3, type: 3}
      propertyPath: m_AnchorMin.y
      value: 0
      objectReference: {fileID: 0}
    - target: {fileID: 5105428430406151679, guid: f899ddb33d3b6814a9e439dd7113c0e3, type: 3}
      propertyPath: m_AnchorMax.y
      value: 0
      objectReference: {fileID: 0}
    - target: {fileID: 5105428430406151679, guid: f899ddb33d3b6814a9e439dd7113c0e3, type: 3}
      propertyPath: m_AnchoredPosition.y
      value: 0
      objectReference: {fileID: 0}
    - target: {fileID: 5105428430406151679, guid: f899ddb33d3b6814a9e439dd7113c0e3, type: 3}
      propertyPath: m_SizeDelta.y
      value: 0
      objectReference: {fileID: 0}
    - target: {fileID: 5105428431666755283, guid: f899ddb33d3b6814a9e439dd7113c0e3, type: 3}
      propertyPath: m_AnchoredPosition.x
      value: 398.5105
      objectReference: {fileID: 0}
    - target: {fileID: 5105428431666755283, guid: f899ddb33d3b6814a9e439dd7113c0e3, type: 3}
      propertyPath: m_SizeDelta.x
      value: 797.021
      objectReference: {fileID: 0}
    - target: {fileID: 5105428431666755283, guid: f899ddb33d3b6814a9e439dd7113c0e3, type: 3}
      propertyPath: m_AnchorMin.y
      value: 0
      objectReference: {fileID: 0}
    - target: {fileID: 5105428431666755283, guid: f899ddb33d3b6814a9e439dd7113c0e3, type: 3}
      propertyPath: m_AnchorMax.y
      value: 0
      objectReference: {fileID: 0}
    - target: {fileID: 5105428431666755283, guid: f899ddb33d3b6814a9e439dd7113c0e3, type: 3}
      propertyPath: m_AnchoredPosition.y
      value: 0
      objectReference: {fileID: 0}
    - target: {fileID: 5105428431666755283, guid: f899ddb33d3b6814a9e439dd7113c0e3, type: 3}
      propertyPath: m_SizeDelta.y
      value: 0
      objectReference: {fileID: 0}
    - target: {fileID: 7024469672053346045, guid: f899ddb33d3b6814a9e439dd7113c0e3, type: 3}
      propertyPath: m_FontData.m_MaxSize
      value: 100
      objectReference: {fileID: 0}
    - target: {fileID: 7024469673242154449, guid: f899ddb33d3b6814a9e439dd7113c0e3, type: 3}
      propertyPath: m_FontData.m_MaxSize
      value: 100
      objectReference: {fileID: 0}
    - target: {fileID: 7986809302245659631, guid: f899ddb33d3b6814a9e439dd7113c0e3, type: 3}
      propertyPath: m_AnchoredPosition.x
      value: 398.5105
      objectReference: {fileID: 0}
    - target: {fileID: 7986809302245659631, guid: f899ddb33d3b6814a9e439dd7113c0e3, type: 3}
      propertyPath: m_SizeDelta.x
      value: 787.021
      objectReference: {fileID: 0}
    - target: {fileID: 7986809302245659631, guid: f899ddb33d3b6814a9e439dd7113c0e3, type: 3}
      propertyPath: m_AnchorMin.y
      value: 0
      objectReference: {fileID: 0}
    - target: {fileID: 7986809302245659631, guid: f899ddb33d3b6814a9e439dd7113c0e3, type: 3}
      propertyPath: m_AnchorMax.y
      value: 0
      objectReference: {fileID: 0}
    - target: {fileID: 7986809302245659631, guid: f899ddb33d3b6814a9e439dd7113c0e3, type: 3}
      propertyPath: m_AnchoredPosition.y
      value: 0
      objectReference: {fileID: 0}
    - target: {fileID: 7986809302245659631, guid: f899ddb33d3b6814a9e439dd7113c0e3, type: 3}
      propertyPath: m_SizeDelta.y
      value: 0
      objectReference: {fileID: 0}
    - target: {fileID: 8890596090724007892, guid: f899ddb33d3b6814a9e439dd7113c0e3, type: 3}
      propertyPath: m_AnchoredPosition.x
      value: 0
      objectReference: {fileID: 0}
    - target: {fileID: 8890596090724007892, guid: f899ddb33d3b6814a9e439dd7113c0e3, type: 3}
      propertyPath: m_SizeDelta.y
      value: 0
      objectReference: {fileID: 0}
    - target: {fileID: 8890596091420250487, guid: f899ddb33d3b6814a9e439dd7113c0e3, type: 3}
      propertyPath: m_SizeDelta.y
      value: 0
      objectReference: {fileID: 0}
    - target: {fileID: 8890596091420250487, guid: f899ddb33d3b6814a9e439dd7113c0e3, type: 3}
      propertyPath: m_AnchoredPosition.x
      value: 0
      objectReference: {fileID: 0}
    - target: {fileID: 8890596091420250489, guid: f899ddb33d3b6814a9e439dd7113c0e3, type: 3}
      propertyPath: m_Spacing
      value: 15
      objectReference: {fileID: 0}
    - target: {fileID: 8890596091632380957, guid: f899ddb33d3b6814a9e439dd7113c0e3, type: 3}
      propertyPath: m_Name
      value: DialogueMen
      objectReference: {fileID: 0}
    - target: {fileID: 8890596091632380958, guid: f899ddb33d3b6814a9e439dd7113c0e3, type: 3}
      propertyPath: m_LocalPosition.x
      value: 0
      objectReference: {fileID: 0}
    - target: {fileID: 8890596091632380958, guid: f899ddb33d3b6814a9e439dd7113c0e3, type: 3}
      propertyPath: m_LocalPosition.y
      value: 0
      objectReference: {fileID: 0}
    - target: {fileID: 8890596091632380958, guid: f899ddb33d3b6814a9e439dd7113c0e3, type: 3}
      propertyPath: m_LocalPosition.z
      value: 0
      objectReference: {fileID: 0}
    - target: {fileID: 8890596091632380958, guid: f899ddb33d3b6814a9e439dd7113c0e3, type: 3}
      propertyPath: m_RootOrder
      value: 1
      objectReference: {fileID: 0}
    - target: {fileID: 8890596091632380958, guid: f899ddb33d3b6814a9e439dd7113c0e3, type: 3}
      propertyPath: m_LocalEulerAnglesHint.x
      value: 0
      objectReference: {fileID: 0}
    - target: {fileID: 8890596091632380958, guid: f899ddb33d3b6814a9e439dd7113c0e3, type: 3}
      propertyPath: m_LocalEulerAnglesHint.y
      value: 0
      objectReference: {fileID: 0}
    - target: {fileID: 8890596091632380958, guid: f899ddb33d3b6814a9e439dd7113c0e3, type: 3}
      propertyPath: m_LocalEulerAnglesHint.z
      value: 0
      objectReference: {fileID: 0}
    - target: {fileID: 8890596091632380958, guid: f899ddb33d3b6814a9e439dd7113c0e3, type: 3}
      propertyPath: m_AnchorMin.x
      value: 0
      objectReference: {fileID: 0}
    - target: {fileID: 8890596091632380958, guid: f899ddb33d3b6814a9e439dd7113c0e3, type: 3}
      propertyPath: m_SizeDelta.x
      value: 797.021
      objectReference: {fileID: 0}
    - target: {fileID: 8890596091632380958, guid: f899ddb33d3b6814a9e439dd7113c0e3, type: 3}
      propertyPath: m_AnchorMax.x
      value: 0
      objectReference: {fileID: 0}
    - target: {fileID: 8890596091632380958, guid: f899ddb33d3b6814a9e439dd7113c0e3, type: 3}
      propertyPath: m_AnchoredPosition.x
      value: 0
      objectReference: {fileID: 0}
    - target: {fileID: 8890596091632380958, guid: f899ddb33d3b6814a9e439dd7113c0e3, type: 3}
      propertyPath: m_Pivot.x
      value: 0
      objectReference: {fileID: 0}
    - target: {fileID: 8890596091632381024, guid: f899ddb33d3b6814a9e439dd7113c0e3, type: 3}
      propertyPath: onDialogueEnd.m_PersistentCalls.m_Calls.Array.size
      value: 2
      objectReference: {fileID: 0}
    - target: {fileID: 8890596091632381024, guid: f899ddb33d3b6814a9e439dd7113c0e3, type: 3}
      propertyPath: onDialogueEnd.m_PersistentCalls.m_Calls.Array.data[0].m_Mode
      value: 1
      objectReference: {fileID: 0}
    - target: {fileID: 8890596091632381024, guid: f899ddb33d3b6814a9e439dd7113c0e3, type: 3}
      propertyPath: onDialogueEnd.m_PersistentCalls.m_Calls.Array.data[0].m_CallState
      value: 2
      objectReference: {fileID: 0}
    - target: {fileID: 8890596091632381024, guid: f899ddb33d3b6814a9e439dd7113c0e3, type: 3}
      propertyPath: onDialogueEnd.m_PersistentCalls.m_Calls.Array.data[0].m_Target
      value: 
      objectReference: {fileID: 4763994631013208491}
    - target: {fileID: 8890596091632381024, guid: f899ddb33d3b6814a9e439dd7113c0e3, type: 3}
      propertyPath: onDialogueEnd.m_PersistentCalls.m_Calls.Array.data[0].m_TargetAssemblyTypeName
      value: Yarn.Unity.DialogueRunner, YarnSpinner.Unity
      objectReference: {fileID: 0}
    - target: {fileID: 8890596091632381024, guid: f899ddb33d3b6814a9e439dd7113c0e3, type: 3}
      propertyPath: onDialogueEnd.m_PersistentCalls.m_Calls.Array.data[0].m_MethodName
      value: StartDialogue
      objectReference: {fileID: 0}
    - target: {fileID: 8890596091632381024, guid: f899ddb33d3b6814a9e439dd7113c0e3, type: 3}
      propertyPath: onDialogueEnd.m_PersistentCalls.m_Calls.Array.data[0].m_Arguments.m_ObjectArgumentAssemblyTypeName
      value: UnityEngine.Object, UnityEngine
      objectReference: {fileID: 0}
    - target: {fileID: 8890596091632381024, guid: f899ddb33d3b6814a9e439dd7113c0e3, type: 3}
      propertyPath: onDialogueEnd.m_PersistentCalls.m_Calls.Array.data[1].m_TargetAssemblyTypeName
      value: Yarn.Unity.DialogueRunner, YarnSpinner.Unity
      objectReference: {fileID: 0}
    - target: {fileID: 8890596091632381024, guid: f899ddb33d3b6814a9e439dd7113c0e3, type: 3}
      propertyPath: onDialogueEnd.m_PersistentCalls.m_Calls.Array.data[1].m_Mode
      value: 1
      objectReference: {fileID: 0}
    - target: {fileID: 8890596091632381024, guid: f899ddb33d3b6814a9e439dd7113c0e3, type: 3}
      propertyPath: onDialogueEnd.m_PersistentCalls.m_Calls.Array.data[1].m_CallState
      value: 2
      objectReference: {fileID: 0}
    - target: {fileID: 8890596091632381024, guid: f899ddb33d3b6814a9e439dd7113c0e3, type: 3}
      propertyPath: onDialogueEnd.m_PersistentCalls.m_Calls.Array.data[1].m_Target
      value: 
      objectReference: {fileID: 3716945049184021516}
    - target: {fileID: 8890596091632381024, guid: f899ddb33d3b6814a9e439dd7113c0e3, type: 3}
      propertyPath: onDialogueEnd.m_PersistentCalls.m_Calls.Array.data[1].m_MethodName
      value: Stop
      objectReference: {fileID: 0}
    - target: {fileID: 8890596091632381024, guid: f899ddb33d3b6814a9e439dd7113c0e3, type: 3}
      propertyPath: onDialogueEnd.m_PersistentCalls.m_Calls.Array.data[1].m_Arguments.m_ObjectArgumentAssemblyTypeName
      value: UnityEngine.Object, UnityEngine
      objectReference: {fileID: 0}
    - target: {fileID: 8890596091632381025, guid: f899ddb33d3b6814a9e439dd7113c0e3, type: 3}
      propertyPath: yarnScripts.Array.size
      value: 1
      objectReference: {fileID: 0}
    - target: {fileID: 8890596091632381025, guid: f899ddb33d3b6814a9e439dd7113c0e3, type: 3}
      propertyPath: yarnScripts.Array.data[0]
      value: 
      objectReference: {fileID: 2480198943629176163, guid: 9c8a3abb821ea0148bfc7fab2a6d5c2a, type: 3}
    - target: {fileID: 8890596091632381025, guid: f899ddb33d3b6814a9e439dd7113c0e3, type: 3}
      propertyPath: startAutomatically
      value: 1
      objectReference: {fileID: 0}
    m_RemovedComponents: []
  m_SourcePrefab: {fileID: 100100000, guid: f899ddb33d3b6814a9e439dd7113c0e3, type: 3}
--- !u!114 &1913084083702568366 stripped
MonoBehaviour:
  m_CorrespondingSourceObject: {fileID: 8890596091632381025, guid: f899ddb33d3b6814a9e439dd7113c0e3, type: 3}
  m_PrefabInstance: {fileID: 7056329025810266575}
  m_PrefabAsset: {fileID: 0}
  m_GameObject: {fileID: 1913084083702568402}
  m_Enabled: 1
  m_EditorHideFlags: 0
  m_Script: {fileID: 11500000, guid: 4bec29c0a230741bdac901dba8da47ee, type: 3}
  m_Name: 
  m_EditorClassIdentifier: 
--- !u!224 &1913084083702568401 stripped
RectTransform:
  m_CorrespondingSourceObject: {fileID: 8890596091632380958, guid: f899ddb33d3b6814a9e439dd7113c0e3, type: 3}
  m_PrefabInstance: {fileID: 7056329025810266575}
  m_PrefabAsset: {fileID: 0}
--- !u!1 &1913084083702568402 stripped
GameObject:
  m_CorrespondingSourceObject: {fileID: 8890596091632380957, guid: f899ddb33d3b6814a9e439dd7113c0e3, type: 3}
  m_PrefabInstance: {fileID: 7056329025810266575}
  m_PrefabAsset: {fileID: 0}
--- !u!1001 &7886980978157212506
PrefabInstance:
  m_ObjectHideFlags: 0
  serializedVersion: 2
  m_Modification:
    m_TransformParent: {fileID: 1719793616}
    m_Modifications:
    - target: {fileID: 980104005337531464, guid: 0ac81c13760e7b84f84e5ff898dd2a83, type: 3}
      propertyPath: m_Name
      value: Searching
      objectReference: {fileID: 0}
    - target: {fileID: 980104005337531471, guid: 0ac81c13760e7b84f84e5ff898dd2a83, type: 3}
      propertyPath: m_LocalPosition.x
      value: 0
      objectReference: {fileID: 0}
    - target: {fileID: 980104005337531471, guid: 0ac81c13760e7b84f84e5ff898dd2a83, type: 3}
      propertyPath: m_LocalPosition.y
      value: 0
      objectReference: {fileID: 0}
    - target: {fileID: 980104005337531471, guid: 0ac81c13760e7b84f84e5ff898dd2a83, type: 3}
      propertyPath: m_LocalPosition.z
      value: 0
      objectReference: {fileID: 0}
    - target: {fileID: 980104005337531471, guid: 0ac81c13760e7b84f84e5ff898dd2a83, type: 3}
      propertyPath: m_LocalRotation.x
      value: 0
      objectReference: {fileID: 0}
    - target: {fileID: 980104005337531471, guid: 0ac81c13760e7b84f84e5ff898dd2a83, type: 3}
      propertyPath: m_LocalRotation.y
      value: 0
      objectReference: {fileID: 0}
    - target: {fileID: 980104005337531471, guid: 0ac81c13760e7b84f84e5ff898dd2a83, type: 3}
      propertyPath: m_LocalRotation.z
      value: 0
      objectReference: {fileID: 0}
    - target: {fileID: 980104005337531471, guid: 0ac81c13760e7b84f84e5ff898dd2a83, type: 3}
      propertyPath: m_LocalRotation.w
      value: 1
      objectReference: {fileID: 0}
    - target: {fileID: 980104005337531471, guid: 0ac81c13760e7b84f84e5ff898dd2a83, type: 3}
      propertyPath: m_RootOrder
      value: 0
      objectReference: {fileID: 0}
    - target: {fileID: 980104005337531471, guid: 0ac81c13760e7b84f84e5ff898dd2a83, type: 3}
      propertyPath: m_LocalEulerAnglesHint.x
      value: 0
      objectReference: {fileID: 0}
    - target: {fileID: 980104005337531471, guid: 0ac81c13760e7b84f84e5ff898dd2a83, type: 3}
      propertyPath: m_LocalEulerAnglesHint.y
      value: 0
      objectReference: {fileID: 0}
    - target: {fileID: 980104005337531471, guid: 0ac81c13760e7b84f84e5ff898dd2a83, type: 3}
      propertyPath: m_LocalEulerAnglesHint.z
      value: 0
      objectReference: {fileID: 0}
    - target: {fileID: 980104005337531471, guid: 0ac81c13760e7b84f84e5ff898dd2a83, type: 3}
      propertyPath: m_AnchoredPosition.x
      value: 0
      objectReference: {fileID: 0}
    - target: {fileID: 980104005337531471, guid: 0ac81c13760e7b84f84e5ff898dd2a83, type: 3}
      propertyPath: m_AnchoredPosition.y
      value: 0
      objectReference: {fileID: 0}
    - target: {fileID: 980104005337531471, guid: 0ac81c13760e7b84f84e5ff898dd2a83, type: 3}
      propertyPath: m_SizeDelta.x
      value: 0
      objectReference: {fileID: 0}
    - target: {fileID: 980104005337531471, guid: 0ac81c13760e7b84f84e5ff898dd2a83, type: 3}
      propertyPath: m_SizeDelta.y
      value: 0
      objectReference: {fileID: 0}
    - target: {fileID: 980104005337531471, guid: 0ac81c13760e7b84f84e5ff898dd2a83, type: 3}
      propertyPath: m_AnchorMin.x
      value: 0
      objectReference: {fileID: 0}
    - target: {fileID: 980104005337531471, guid: 0ac81c13760e7b84f84e5ff898dd2a83, type: 3}
      propertyPath: m_AnchorMin.y
      value: 0
      objectReference: {fileID: 0}
    - target: {fileID: 980104005337531471, guid: 0ac81c13760e7b84f84e5ff898dd2a83, type: 3}
      propertyPath: m_AnchorMax.x
      value: 0
      objectReference: {fileID: 0}
    - target: {fileID: 980104005337531471, guid: 0ac81c13760e7b84f84e5ff898dd2a83, type: 3}
      propertyPath: m_AnchorMax.y
      value: 0
      objectReference: {fileID: 0}
    - target: {fileID: 980104005337531471, guid: 0ac81c13760e7b84f84e5ff898dd2a83, type: 3}
      propertyPath: m_Pivot.x
      value: 0
      objectReference: {fileID: 0}
    - target: {fileID: 980104005337531471, guid: 0ac81c13760e7b84f84e5ff898dd2a83, type: 3}
      propertyPath: m_Pivot.y
      value: 0
      objectReference: {fileID: 0}
    m_RemovedComponents: []
  m_SourcePrefab: {fileID: 100100000, guid: 0ac81c13760e7b84f84e5ff898dd2a83, type: 3}
--- !u!224 &6984564120347875093 stripped
RectTransform:
  m_CorrespondingSourceObject: {fileID: 980104005337531471, guid: 0ac81c13760e7b84f84e5ff898dd2a83, type: 3}
  m_PrefabInstance: {fileID: 7886980978157212506}
  m_PrefabAsset: {fileID: 0}
