%YAML 1.1
%TAG !u! tag:unity3d.com,2011:
--- !u!114 &2575675443953198196
MonoBehaviour:
  m_ObjectHideFlags: 0
  m_CorrespondingSourceObject: {fileID: 0}
  m_PrefabInstance: {fileID: 0}
  m_PrefabAsset: {fileID: 0}
  m_GameObject: {fileID: 2031349697857304022}
  m_Enabled: 1
  m_EditorHideFlags: 0
  m_Script: {fileID: -1465209106, guid: c8d0ad23af520fe46aabe2b1fecf6462, type: 3}
  m_Name: 
  m_EditorClassIdentifier: 
  _data:
    _json: '{"declarations":{"collection":{"$content":[{"name":"AnimatorParameter","value":{"$content":"JewelAnimIndex","$type":"System.String"},"$version":"A"},{"name":"ParameterValue","value":{"$content":1,"$type":"System.Int32"},"$version":"A"},{"name":"Dialogue","value":{"$content":0,"$type":"UnityEngine.Object"},"$version":"A"}],"$version":"A"},"$version":"A"}}'
    _objectReferences:
    - {fileID: 6345026616840883967}
--- !u!114 &8164973661467464660
MonoBehaviour:
  m_ObjectHideFlags: 0
  m_CorrespondingSourceObject: {fileID: 0}
  m_PrefabInstance: {fileID: 0}
  m_PrefabAsset: {fileID: 0}
  m_GameObject: {fileID: 2031349697857304022}
  m_Enabled: 1
  m_EditorHideFlags: 0
  m_Script: {fileID: -57143145, guid: a040fb66244a7f54289914d98ea4ef7d, type: 3}
  m_Name: 
  m_EditorClassIdentifier: 
  _data:
    _json: '{"nest":{"source":"Macro","macro":0,"embed":null}}'
    _objectReferences:
    - {fileID: 11400000, guid: d190011973358bc4c913895f4a6f084d, type: 2}
--- !u!1 &3301510143872766274
GameObject:
  m_ObjectHideFlags: 0
  m_CorrespondingSourceObject: {fileID: 0}
  m_PrefabInstance: {fileID: 0}
  m_PrefabAsset: {fileID: 0}
  serializedVersion: 6
  m_Component:
  - component: {fileID: 4296002282435171311}
  m_Layer: 8
  m_Name: root
  m_TagString: Untagged
  m_Icon: {fileID: 0}
  m_NavMeshLayer: 0
  m_StaticEditorFlags: 0
  m_IsActive: 1
--- !u!4 &4296002282435171311
Transform:
  m_ObjectHideFlags: 0
  m_CorrespondingSourceObject: {fileID: 0}
  m_PrefabInstance: {fileID: 0}
  m_PrefabAsset: {fileID: 0}
  m_GameObject: {fileID: 3301510143872766274}
  m_LocalRotation: {x: 0, y: 0, z: 0, w: 1}
  m_LocalPosition: {x: -1.16, y: -0, z: 5.35}
  m_LocalScale: {x: 1, y: 1, z: 1}
  m_Children:
  - {fileID: 1691978405606715244}
  m_Father: {fileID: 7852098021213066276}
  m_RootOrder: 2
  m_LocalEulerAnglesHint: {x: 0, y: 0, z: 0}
--- !u!1 &4595982148459762202
GameObject:
  m_ObjectHideFlags: 0
  m_CorrespondingSourceObject: {fileID: 0}
  m_PrefabInstance: {fileID: 0}
  m_PrefabAsset: {fileID: 0}
  serializedVersion: 6
  m_Component:
  - component: {fileID: 5333846909990289563}
  - component: {fileID: 5356002640889116820}
  m_Layer: 8
  m_Name: Light
  m_TagString: Untagged
  m_Icon: {fileID: 0}
  m_NavMeshLayer: 0
  m_StaticEditorFlags: 0
  m_IsActive: 1
--- !u!4 &5333846909990289563
Transform:
  m_ObjectHideFlags: 0
  m_CorrespondingSourceObject: {fileID: 0}
  m_PrefabInstance: {fileID: 0}
  m_PrefabAsset: {fileID: 0}
  m_GameObject: {fileID: 4595982148459762202}
  m_LocalRotation: {x: -0, y: -0, z: -0, w: 1}
  m_LocalPosition: {x: 1.382, y: 1.451, z: -3.08}
  m_LocalScale: {x: 1, y: 1, z: 1}
  m_Children: []
  m_Father: {fileID: 7852098021213066276}
  m_RootOrder: 1
  m_LocalEulerAnglesHint: {x: 0, y: 0, z: 0}
--- !u!108 &5356002640889116820
Light:
  m_ObjectHideFlags: 0
  m_CorrespondingSourceObject: {fileID: 0}
  m_PrefabInstance: {fileID: 0}
  m_PrefabAsset: {fileID: 0}
  m_GameObject: {fileID: 4595982148459762202}
  m_Enabled: 1
  serializedVersion: 10
  m_Type: 2
  m_Shape: 0
  m_Color: {r: 1, g: 1, b: 1, a: 1}
  m_Intensity: 1
  m_Range: 60
  m_SpotAngle: 30
  m_InnerSpotAngle: 21.80208
  m_CookieSize: 10
  m_Shadows:
    m_Type: 0
    m_Resolution: -1
    m_CustomResolution: -1
    m_Strength: 1
    m_Bias: 0.05
    m_NormalBias: 0.4
    m_NearPlane: 0.2
    m_CullingMatrixOverride:
      e00: 1
      e01: 0
      e02: 0
      e03: 0
      e10: 0
      e11: 1
      e12: 0
      e13: 0
      e20: 0
      e21: 0
      e22: 1
      e23: 0
      e30: 0
      e31: 0
      e32: 0
      e33: 1
    m_UseCullingMatrixOverride: 0
  m_Cookie: {fileID: 0}
  m_DrawHalo: 0
  m_Flare: {fileID: 0}
  m_RenderMode: 0
  m_CullingMask:
    serializedVersion: 2
    m_Bits: 256
  m_RenderingLayerMask: 1
  m_Lightmapping: 4
  m_LightShadowCasterMode: 0
  m_AreaSize: {x: 1, y: 1}
  m_BounceIntensity: 1
  m_ColorTemperature: 6570
  m_UseColorTemperature: 0
  m_BoundingSphereOverride: {x: 0, y: 0, z: 0, w: 0}
  m_UseBoundingSphereOverride: 0
  m_UseViewFrustumForShadowCasterCull: 1
  m_ShadowRadius: 0
  m_ShadowAngle: 0
--- !u!1 &7200205568457632454
GameObject:
  m_ObjectHideFlags: 0
  m_CorrespondingSourceObject: {fileID: 0}
  m_PrefabInstance: {fileID: 0}
  m_PrefabAsset: {fileID: 0}
  serializedVersion: 6
  m_Component:
  - component: {fileID: 7852098021213066276}
  - component: {fileID: 5289617433518389898}
  - component: {fileID: 6323941845336829854}
  - component: {fileID: 2139246928358895257}
  m_Layer: 8
  m_Name: Modelviewer-4-necklace-b
  m_TagString: Untagged
  m_Icon: {fileID: 0}
  m_NavMeshLayer: 0
  m_StaticEditorFlags: 0
  m_IsActive: 1
--- !u!4 &7852098021213066276
Transform:
  m_ObjectHideFlags: 0
  m_CorrespondingSourceObject: {fileID: 0}
  m_PrefabInstance: {fileID: 0}
  m_PrefabAsset: {fileID: 0}
  m_GameObject: {fileID: 7200205568457632454}
  m_LocalRotation: {x: 0, y: 0, z: 0, w: 1}
  m_LocalPosition: {x: 0, y: 0, z: 0}
  m_LocalScale: {x: 1, y: 1, z: 1}
  m_Children:
  - {fileID: 6345026616840883955}
  - {fileID: 5333846909990289563}
  - {fileID: 4296002282435171311}
  m_Father: {fileID: 0}
  m_RootOrder: 0
  m_LocalEulerAnglesHint: {x: 0, y: 0, z: 0}
--- !u!114 &5289617433518389898
MonoBehaviour:
  m_ObjectHideFlags: 0
  m_CorrespondingSourceObject: {fileID: 0}
  m_PrefabInstance: {fileID: 0}
  m_PrefabAsset: {fileID: 0}
  m_GameObject: {fileID: 7200205568457632454}
  m_Enabled: 1
  m_EditorHideFlags: 0
  m_Script: {fileID: -1465209106, guid: c8d0ad23af520fe46aabe2b1fecf6462, type: 3}
  m_Name: 
  m_EditorClassIdentifier: 
  _data:
    _json: '{"declarations":{"collection":{"$content":[],"$version":"A"},"$version":"A"}}'
    _objectReferences: []
--- !u!114 &6323941845336829854
MonoBehaviour:
  m_ObjectHideFlags: 0
  m_CorrespondingSourceObject: {fileID: 0}
  m_PrefabInstance: {fileID: 0}
  m_PrefabAsset: {fileID: 0}
  m_GameObject: {fileID: 7200205568457632454}
  m_Enabled: 1
  m_EditorHideFlags: 0
  m_Script: {fileID: -57143145, guid: a040fb66244a7f54289914d98ea4ef7d, type: 3}
  m_Name: 
  m_EditorClassIdentifier: 
  _data:
    _json: '{"nest":{"source":"Embed","macro":null,"embed":{"variables":{"collection":{"$content":[],"$version":"A"},"$version":"A"},"controlInputDefinitions":[],"controlOutputDefinitions":[],"valueInputDefinitions":[],"valueOutputDefinitions":[],"title":null,"summary":null,"pan":{"x":365.9445,"y":23.43607},"zoom":1.0,"elements":[{"coroutine":false,"defaultValues":{},"position":{"x":-201.0,"y":-275.0},"guid":"a2efb666-2c05-4a1b-ae09-c0cc994d857d","$version":"A","$type":"Bolt.Start"},{"coroutine":false,"defaultValues":{},"position":{"x":-242.0,"y":59.0},"guid":"58316367-b602-4566-a4da-ef568e4ed956","$version":"A","$type":"Bolt.Update"},{"coroutine":false,"defaultValues":{"name":{"$content":"Click","$type":"System.String"}},"position":{"x":-249.0,"y":-107.0},"guid":"e83a8503-5dc2-4af9-9181-9d52be4e33e2","$version":"A","$type":"Bolt.BoltUnityEvent","$id":"14"},{"argumentCount":0,"defaultValues":{"name":{"$content":"Hide","$type":"System.String"},"target":null},"position":{"x":851.0,"y":-130.0},"guid":"a478aefd-0bab-479e-8556-c44c820a41af","$version":"A","$type":"Bolt.TriggerCustomEvent","$id":"16"},{"member":{"name":"parent","parameterTypes":null,"targetType":"UnityEngine.Transform","targetTypeName":"UnityEngine.Transform","$version":"A"},"defaultValues":{"target":null},"position":{"x":343.0,"y":-18.0},"guid":"dfd768b8-ed60-4055-ba3f-322e3e3125a6","$version":"A","$type":"Bolt.GetMember","$id":"18"},{"member":{"name":"gameObject","parameterTypes":null,"targetType":"UnityEngine.Transform","targetTypeName":"UnityEngine.Transform","$version":"A"},"defaultValues":{"target":null},"position":{"x":669.0,"y":-20.0},"guid":"46de101f-a7f9-443b-976f-dbb9a18bbdb5","$version":"A","$type":"Bolt.GetMember","$id":"21"},{"member":{"name":"parent","parameterTypes":null,"targetType":"UnityEngine.Transform","targetTypeName":"UnityEngine.Transform","$version":"A"},"defaultValues":{"target":null},"position":{"x":511.0,"y":-18.0},"guid":"f22062b0-a65d-4906-b0cd-ad2a34f0fb4a","$version":"A","$type":"Bolt.GetMember","$id":"24"},{"defaultValues":{},"position":{"x":-69.0,"y":-19.0},"guid":"362586ac-aa88-4a88-8ea9-47ccb350e810","$version":"A","$type":"Bolt.Self","$id":"27"},{"chainable":false,"member":{"name":"GetComponent","parameterTypes":["System.Type"],"targetType":"UnityEngine.GameObject","targetTypeName":"UnityEngine.GameObject","$version":"A"},"defaultValues":{"target":null,"%type":{"$content":"UnityEngine.Transform","$type":"System.RuntimeType"}},"position":{"x":53.0,"y":-105.0},"guid":"7bbaade5-a8a8-42eb-8091-3cfd07a85478","$version":"A","$type":"Bolt.InvokeMember","$id":"29"},{"sourceUnit":{"$ref":"14"},"sourceKey":"trigger","destinationUnit":{"$ref":"29"},"destinationKey":"enter","guid":"a8b288d5-5265-4168-8882-3c485f82bf27","$type":"Bolt.ControlConnection"},{"sourceUnit":{"$ref":"29"},"sourceKey":"exit","destinationUnit":{"$ref":"16"},"destinationKey":"enter","guid":"fb023b51-fc5b-4545-819c-cd7e83db9a92","$type":"Bolt.ControlConnection"},{"sourceUnit":{"$ref":"21"},"sourceKey":"value","destinationUnit":{"$ref":"16"},"destinationKey":"target","guid":"05647d49-bcb1-406c-816d-861dc642fdc3","$type":"Bolt.ValueConnection"},{"sourceUnit":{"$ref":"18"},"sourceKey":"value","destinationUnit":{"$ref":"24"},"destinationKey":"target","guid":"92d17285-827a-45d7-b254-877e3e380892","$type":"Bolt.ValueConnection"},{"sourceUnit":{"$ref":"24"},"sourceKey":"value","destinationUnit":{"$ref":"21"},"destinationKey":"target","guid":"d036069c-dc03-4fad-be3b-10bf20fc0cac","$type":"Bolt.ValueConnection"},{"sourceUnit":{"$ref":"27"},"sourceKey":"self","destinationUnit":{"$ref":"29"},"destinationKey":"target","guid":"bb4a3c3c-fe43-4deb-9c1c-bcb59bbc3367","$type":"Bolt.ValueConnection"},{"sourceUnit":{"$ref":"29"},"sourceKey":"result","destinationUnit":{"$ref":"18"},"destinationKey":"target","guid":"577fcc38-984c-4518-a482-e365761b3411","$type":"Bolt.ValueConnection"}],"$version":"A"}}}'
    _objectReferences: []
--- !u!82 &2139246928358895257
AudioSource:
  m_ObjectHideFlags: 0
  m_CorrespondingSourceObject: {fileID: 0}
  m_PrefabInstance: {fileID: 0}
  m_PrefabAsset: {fileID: 0}
  m_GameObject: {fileID: 7200205568457632454}
  m_Enabled: 1
  serializedVersion: 4
  OutputAudioMixerGroup: {fileID: 5996936186356859245, guid: 0b3adab41844a584cab06e488311253f, type: 2}
  m_audioClip: {fileID: 8300000, guid: cc34355baa1d7744b8eea328aa95f04b, type: 3}
  m_PlayOnAwake: 1
  m_Volume: 1
  m_Pitch: 1
  Loop: 0
  Mute: 0
  Spatialize: 0
  SpatializePostEffects: 0
  Priority: 128
  DopplerLevel: 1
  MinDistance: 1
  MaxDistance: 500
  Pan2D: 0
  rolloffMode: 0
  BypassEffects: 0
  BypassListenerEffects: 0
  BypassReverbZones: 0
  rolloffCustomCurve:
    serializedVersion: 2
    m_Curve:
    - serializedVersion: 3
      time: 0
      value: 1
      inSlope: 0
      outSlope: 0
      tangentMode: 0
      weightedMode: 0
      inWeight: 0.33333334
      outWeight: 0.33333334
    - serializedVersion: 3
      time: 1
      value: 0
      inSlope: 0
      outSlope: 0
      tangentMode: 0
      weightedMode: 0
      inWeight: 0.33333334
      outWeight: 0.33333334
    m_PreInfinity: 2
    m_PostInfinity: 2
    m_RotationOrder: 4
  panLevelCustomCurve:
    serializedVersion: 2
    m_Curve:
    - serializedVersion: 3
      time: 0
      value: 0
      inSlope: 0
      outSlope: 0
      tangentMode: 0
      weightedMode: 0
      inWeight: 0.33333334
      outWeight: 0.33333334
    m_PreInfinity: 2
    m_PostInfinity: 2
    m_RotationOrder: 4
  spreadCustomCurve:
    serializedVersion: 2
    m_Curve:
    - serializedVersion: 3
      time: 0
      value: 0
      inSlope: 0
      outSlope: 0
      tangentMode: 0
      weightedMode: 0
      inWeight: 0.33333334
      outWeight: 0.33333334
    m_PreInfinity: 2
    m_PostInfinity: 2
    m_RotationOrder: 4
  reverbZoneMixCustomCurve:
    serializedVersion: 2
    m_Curve:
    - serializedVersion: 3
      time: 0
      value: 1
      inSlope: 0
      outSlope: 0
      tangentMode: 0
      weightedMode: 0
      inWeight: 0.33333334
      outWeight: 0.33333334
    m_PreInfinity: 2
    m_PostInfinity: 2
    m_RotationOrder: 4
--- !u!1001 &1220937398178580615
PrefabInstance:
  m_ObjectHideFlags: 0
  serializedVersion: 2
  m_Modification:
    m_TransformParent: {fileID: 4296002282435171311}
    m_Modifications:
    - target: {fileID: -8679921383154817045, guid: fb42d697e55779c4cb50471e1f36f89e, type: 3}
      propertyPath: m_RootOrder
      value: 0
      objectReference: {fileID: 0}
    - target: {fileID: -8679921383154817045, guid: fb42d697e55779c4cb50471e1f36f89e, type: 3}
      propertyPath: m_LocalScale.x
      value: 0.70326
      objectReference: {fileID: 0}
    - target: {fileID: -8679921383154817045, guid: fb42d697e55779c4cb50471e1f36f89e, type: 3}
      propertyPath: m_LocalScale.y
      value: 0.70326
      objectReference: {fileID: 0}
    - target: {fileID: -8679921383154817045, guid: fb42d697e55779c4cb50471e1f36f89e, type: 3}
      propertyPath: m_LocalScale.z
      value: 0.70326
      objectReference: {fileID: 0}
    - target: {fileID: -8679921383154817045, guid: fb42d697e55779c4cb50471e1f36f89e, type: 3}
      propertyPath: m_LocalPosition.x
      value: 0
      objectReference: {fileID: 0}
    - target: {fileID: -8679921383154817045, guid: fb42d697e55779c4cb50471e1f36f89e, type: 3}
      propertyPath: m_LocalPosition.y
      value: 0
      objectReference: {fileID: 0}
    - target: {fileID: -8679921383154817045, guid: fb42d697e55779c4cb50471e1f36f89e, type: 3}
      propertyPath: m_LocalPosition.z
      value: 0
      objectReference: {fileID: 0}
    - target: {fileID: -8679921383154817045, guid: fb42d697e55779c4cb50471e1f36f89e, type: 3}
      propertyPath: m_LocalRotation.w
      value: 1
      objectReference: {fileID: 0}
    - target: {fileID: -8679921383154817045, guid: fb42d697e55779c4cb50471e1f36f89e, type: 3}
      propertyPath: m_LocalRotation.x
      value: -0
      objectReference: {fileID: 0}
    - target: {fileID: -8679921383154817045, guid: fb42d697e55779c4cb50471e1f36f89e, type: 3}
      propertyPath: m_LocalRotation.y
      value: -0
      objectReference: {fileID: 0}
    - target: {fileID: -8679921383154817045, guid: fb42d697e55779c4cb50471e1f36f89e, type: 3}
      propertyPath: m_LocalRotation.z
      value: -0
      objectReference: {fileID: 0}
    - target: {fileID: -8679921383154817045, guid: fb42d697e55779c4cb50471e1f36f89e, type: 3}
      propertyPath: m_LocalEulerAnglesHint.x
      value: 0
      objectReference: {fileID: 0}
    - target: {fileID: -8679921383154817045, guid: fb42d697e55779c4cb50471e1f36f89e, type: 3}
      propertyPath: m_LocalEulerAnglesHint.y
      value: 0
      objectReference: {fileID: 0}
    - target: {fileID: -8679921383154817045, guid: fb42d697e55779c4cb50471e1f36f89e, type: 3}
      propertyPath: m_LocalEulerAnglesHint.z
      value: 0
      objectReference: {fileID: 0}
    - target: {fileID: -7917291961305824890, guid: fb42d697e55779c4cb50471e1f36f89e, type: 3}
      propertyPath: m_Layer
      value: 8
      objectReference: {fileID: 0}
    - target: {fileID: -5783007441626669423, guid: fb42d697e55779c4cb50471e1f36f89e, type: 3}
      propertyPath: m_Materials.Array.data[0]
      value: 
      objectReference: {fileID: 2100000, guid: 62d1e71652ef5ea4e9455ac94ff3213e, type: 2}
    - target: {fileID: -5539764629200458662, guid: fb42d697e55779c4cb50471e1f36f89e, type: 3}
      propertyPath: m_Layer
      value: 8
      objectReference: {fileID: 0}
    - target: {fileID: -5478020947313335654, guid: fb42d697e55779c4cb50471e1f36f89e, type: 3}
      propertyPath: m_Layer
      value: 8
      objectReference: {fileID: 0}
    - target: {fileID: -4745975024439496146, guid: fb42d697e55779c4cb50471e1f36f89e, type: 3}
      propertyPath: m_Layer
      value: 8
      objectReference: {fileID: 0}
    - target: {fileID: -4464023107007524234, guid: fb42d697e55779c4cb50471e1f36f89e, type: 3}
      propertyPath: m_LocalEulerAnglesHint.x
      value: 0.002107967
      objectReference: {fileID: 0}
    - target: {fileID: -4464023107007524234, guid: fb42d697e55779c4cb50471e1f36f89e, type: 3}
      propertyPath: m_LocalEulerAnglesHint.y
      value: 164.61293
      objectReference: {fileID: 0}
    - target: {fileID: -4464023107007524234, guid: fb42d697e55779c4cb50471e1f36f89e, type: 3}
      propertyPath: m_LocalEulerAnglesHint.z
      value: -80.74081
      objectReference: {fileID: 0}
    - target: {fileID: -3474809641921555030, guid: fb42d697e55779c4cb50471e1f36f89e, type: 3}
      propertyPath: m_Materials.Array.data[0]
      value: 
      objectReference: {fileID: 2100000, guid: 62d1e71652ef5ea4e9455ac94ff3213e, type: 2}
    - target: {fileID: -3438042948383116155, guid: fb42d697e55779c4cb50471e1f36f89e, type: 3}
      propertyPath: m_LocalEulerAnglesHint.x
      value: -0.0012277265
      objectReference: {fileID: 0}
    - target: {fileID: -3438042948383116155, guid: fb42d697e55779c4cb50471e1f36f89e, type: 3}
      propertyPath: m_LocalEulerAnglesHint.y
      value: 41.049095
      objectReference: {fileID: 0}
    - target: {fileID: -3438042948383116155, guid: fb42d697e55779c4cb50471e1f36f89e, type: 3}
      propertyPath: m_LocalEulerAnglesHint.z
      value: -64.826614
      objectReference: {fileID: 0}
    - target: {fileID: -2034358585781662825, guid: fb42d697e55779c4cb50471e1f36f89e, type: 3}
      propertyPath: m_Layer
      value: 8
      objectReference: {fileID: 0}
    - target: {fileID: -1680447265645146673, guid: fb42d697e55779c4cb50471e1f36f89e, type: 3}
      propertyPath: m_Materials.Array.data[0]
      value: 
      objectReference: {fileID: 2100000, guid: 2f0d7470fd4a78f428294a1e7c540fbf, type: 2}
    - target: {fileID: -1097702442904377160, guid: fb42d697e55779c4cb50471e1f36f89e, type: 3}
      propertyPath: m_Layer
      value: 8
      objectReference: {fileID: 0}
    - target: {fileID: 919132149155446097, guid: fb42d697e55779c4cb50471e1f36f89e, type: 3}
      propertyPath: m_Name
      value: Necklace
      objectReference: {fileID: 0}
    - target: {fileID: 919132149155446097, guid: fb42d697e55779c4cb50471e1f36f89e, type: 3}
      propertyPath: m_Layer
      value: 8
      objectReference: {fileID: 0}
    - target: {fileID: 1096320946360341868, guid: fb42d697e55779c4cb50471e1f36f89e, type: 3}
      propertyPath: m_Materials.Array.data[0]
      value: 
      objectReference: {fileID: 2100000, guid: 2f0d7470fd4a78f428294a1e7c540fbf, type: 2}
    - target: {fileID: 1784666113194708747, guid: fb42d697e55779c4cb50471e1f36f89e, type: 3}
      propertyPath: m_Layer
      value: 8
      objectReference: {fileID: 0}
    - target: {fileID: 3671152306010636577, guid: fb42d697e55779c4cb50471e1f36f89e, type: 3}
      propertyPath: m_LocalEulerAnglesHint.x
      value: 0.00038419812
      objectReference: {fileID: 0}
    - target: {fileID: 3671152306010636577, guid: fb42d697e55779c4cb50471e1f36f89e, type: 3}
      propertyPath: m_LocalEulerAnglesHint.y
      value: -77.21877
      objectReference: {fileID: 0}
    - target: {fileID: 3671152306010636577, guid: fb42d697e55779c4cb50471e1f36f89e, type: 3}
      propertyPath: m_LocalEulerAnglesHint.z
      value: -64.174324
      objectReference: {fileID: 0}
    - target: {fileID: 4093209725556905227, guid: fb42d697e55779c4cb50471e1f36f89e, type: 3}
      propertyPath: m_Layer
      value: 8
      objectReference: {fileID: 0}
    - target: {fileID: 4162389947432467310, guid: fb42d697e55779c4cb50471e1f36f89e, type: 3}
      propertyPath: m_Materials.Array.data[0]
      value: 
      objectReference: {fileID: 2100000, guid: 62d1e71652ef5ea4e9455ac94ff3213e, type: 2}
    - target: {fileID: 4718102884687018827, guid: fb42d697e55779c4cb50471e1f36f89e, type: 3}
      propertyPath: m_Materials.Array.data[0]
      value: 
      objectReference: {fileID: 2100000, guid: 2f0d7470fd4a78f428294a1e7c540fbf, type: 2}
    - target: {fileID: 5629952419907127919, guid: fb42d697e55779c4cb50471e1f36f89e, type: 3}
      propertyPath: m_Layer
      value: 8
      objectReference: {fileID: 0}
    - target: {fileID: 5866666021909216657, guid: fb42d697e55779c4cb50471e1f36f89e, type: 3}
      propertyPath: m_Controller
      value: 
      objectReference: {fileID: 9100000, guid: b0e895f288b2b6f49a3c3c7d9bc0db35, type: 2}
    - target: {fileID: 6404420073461072395, guid: fb42d697e55779c4cb50471e1f36f89e, type: 3}
      propertyPath: m_Materials.Array.data[0]
      value: 
      objectReference: {fileID: 2100000, guid: 62d1e71652ef5ea4e9455ac94ff3213e, type: 2}
    - target: {fileID: 7529796412074342580, guid: fb42d697e55779c4cb50471e1f36f89e, type: 3}
      propertyPath: m_Materials.Array.data[0]
      value: 
      objectReference: {fileID: 2100000, guid: 2f0d7470fd4a78f428294a1e7c540fbf, type: 2}
    - target: {fileID: 8446160186038161519, guid: fb42d697e55779c4cb50471e1f36f89e, type: 3}
      propertyPath: m_Layer
      value: 8
      objectReference: {fileID: 0}
    m_RemovedComponents: []
  m_SourcePrefab: {fileID: 100100000, guid: fb42d697e55779c4cb50471e1f36f89e, type: 3}
--- !u!1 &2031349697857304022 stripped
GameObject:
  m_CorrespondingSourceObject: {fileID: 919132149155446097, guid: fb42d697e55779c4cb50471e1f36f89e, type: 3}
  m_PrefabInstance: {fileID: 1220937398178580615}
  m_PrefabAsset: {fileID: 0}
--- !u!4 &1691978405606715244 stripped
Transform:
  m_CorrespondingSourceObject: {fileID: -8679921383154817045, guid: fb42d697e55779c4cb50471e1f36f89e, type: 3}
  m_PrefabInstance: {fileID: 1220937398178580615}
  m_PrefabAsset: {fileID: 0}
--- !u!1001 &1834546694336799485
PrefabInstance:
  m_ObjectHideFlags: 0
  serializedVersion: 2
  m_Modification:
    m_TransformParent: {fileID: 6345026616840883955}
    m_Modifications:
    - target: {fileID: 78114007908963805, guid: 44de533eb0b87db4290f1130c3d2b947, type: 3}
      propertyPath: m_Bounds.m_Center.x
      value: 0.00097060204
      objectReference: {fileID: 0}
    - target: {fileID: 78114007908963805, guid: 44de533eb0b87db4290f1130c3d2b947, type: 3}
      propertyPath: m_Bounds.m_Center.y
      value: 0.010078669
      objectReference: {fileID: 0}
    - target: {fileID: 78114007908963805, guid: 44de533eb0b87db4290f1130c3d2b947, type: 3}
      propertyPath: m_Bounds.m_Center.z
      value: 0.02
      objectReference: {fileID: 0}
    - target: {fileID: 78114007908963805, guid: 44de533eb0b87db4290f1130c3d2b947, type: 3}
      propertyPath: m_Bounds.m_Extent.x
      value: 2.9290009
      objectReference: {fileID: 0}
    - target: {fileID: 78114007908963805, guid: 44de533eb0b87db4290f1130c3d2b947, type: 3}
      propertyPath: m_Bounds.m_Extent.y
      value: 3.9400163
      objectReference: {fileID: 0}
    - target: {fileID: 78114007908963805, guid: 44de533eb0b87db4290f1130c3d2b947, type: 3}
      propertyPath: m_Bounds.m_Extent.z
      value: 0.02
      objectReference: {fileID: 0}
    - target: {fileID: 275871243085386813, guid: 44de533eb0b87db4290f1130c3d2b947, type: 3}
      propertyPath: m_Bounds.m_Center.x
      value: -0.007192731
      objectReference: {fileID: 0}
    - target: {fileID: 275871243085386813, guid: 44de533eb0b87db4290f1130c3d2b947, type: 3}
      propertyPath: m_Bounds.m_Center.y
      value: 0.00006151199
      objectReference: {fileID: 0}
    - target: {fileID: 275871243085386813, guid: 44de533eb0b87db4290f1130c3d2b947, type: 3}
      propertyPath: m_Bounds.m_Center.z
      value: 0.019999998
      objectReference: {fileID: 0}
    - target: {fileID: 275871243085386813, guid: 44de533eb0b87db4290f1130c3d2b947, type: 3}
      propertyPath: m_Bounds.m_Extent.x
      value: 1.8828372
      objectReference: {fileID: 0}
    - target: {fileID: 275871243085386813, guid: 44de533eb0b87db4290f1130c3d2b947, type: 3}
      propertyPath: m_Bounds.m_Extent.y
      value: 3.290001
      objectReference: {fileID: 0}
    - target: {fileID: 275871243085386813, guid: 44de533eb0b87db4290f1130c3d2b947, type: 3}
      propertyPath: m_Bounds.m_Extent.z
      value: 0.019999998
      objectReference: {fileID: 0}
    - target: {fileID: 392278837407974828, guid: 44de533eb0b87db4290f1130c3d2b947, type: 3}
      propertyPath: m_Bounds.m_Center.x
      value: -0.0031811
      objectReference: {fileID: 0}
    - target: {fileID: 392278837407974828, guid: 44de533eb0b87db4290f1130c3d2b947, type: 3}
      propertyPath: m_Bounds.m_Center.y
      value: 0.009999752
      objectReference: {fileID: 0}
    - target: {fileID: 392278837407974828, guid: 44de533eb0b87db4290f1130c3d2b947, type: 3}
      propertyPath: m_Bounds.m_Center.z
      value: 4.6567045e-10
      objectReference: {fileID: 0}
    - target: {fileID: 392278837407974828, guid: 44de533eb0b87db4290f1130c3d2b947, type: 3}
      propertyPath: m_Bounds.m_Extent.y
      value: 5.619999
      objectReference: {fileID: 0}
    - target: {fileID: 392278837407974828, guid: 44de533eb0b87db4290f1130c3d2b947, type: 3}
      propertyPath: m_Bounds.m_Extent.z
      value: 6.923767e-13
      objectReference: {fileID: 0}
    - target: {fileID: 487260491592849024, guid: 44de533eb0b87db4290f1130c3d2b947, type: 3}
      propertyPath: m_Bounds.m_Center.x
      value: 0.0070552826
      objectReference: {fileID: 0}
    - target: {fileID: 487260491592849024, guid: 44de533eb0b87db4290f1130c3d2b947, type: 3}
      propertyPath: m_Bounds.m_Center.y
      value: 0.002020955
      objectReference: {fileID: 0}
    - target: {fileID: 487260491592849024, guid: 44de533eb0b87db4290f1130c3d2b947, type: 3}
      propertyPath: m_Bounds.m_Center.z
      value: 0.049999997
      objectReference: {fileID: 0}
    - target: {fileID: 487260491592849024, guid: 44de533eb0b87db4290f1130c3d2b947, type: 3}
      propertyPath: m_Bounds.m_Extent.x
      value: 2.3229454
      objectReference: {fileID: 0}
    - target: {fileID: 487260491592849024, guid: 44de533eb0b87db4290f1130c3d2b947, type: 3}
      propertyPath: m_Bounds.m_Extent.y
      value: 1.63202
      objectReference: {fileID: 0}
    - target: {fileID: 487260491592849024, guid: 44de533eb0b87db4290f1130c3d2b947, type: 3}
      propertyPath: m_Bounds.m_Extent.z
      value: 0.009999998
      objectReference: {fileID: 0}
    - target: {fileID: 569111165651074740, guid: 44de533eb0b87db4290f1130c3d2b947, type: 3}
      propertyPath: m_Bounds.m_Center.x
      value: -0.003720522
      objectReference: {fileID: 0}
    - target: {fileID: 569111165651074740, guid: 44de533eb0b87db4290f1130c3d2b947, type: 3}
      propertyPath: m_Bounds.m_Center.y
      value: 0.0065514743
      objectReference: {fileID: 0}
    - target: {fileID: 569111165651074740, guid: 44de533eb0b87db4290f1130c3d2b947, type: 3}
      propertyPath: m_Bounds.m_Center.z
      value: 2.328362e-10
      objectReference: {fileID: 0}
    - target: {fileID: 569111165651074740, guid: 44de533eb0b87db4290f1130c3d2b947, type: 3}
      propertyPath: m_Bounds.m_Extent.x
      value: 2.3263102
      objectReference: {fileID: 0}
    - target: {fileID: 569111165651074740, guid: 44de533eb0b87db4290f1130c3d2b947, type: 3}
      propertyPath: m_Bounds.m_Extent.y
      value: 0.33649042
      objectReference: {fileID: 0}
    - target: {fileID: 569111165651074740, guid: 44de533eb0b87db4290f1130c3d2b947, type: 3}
      propertyPath: m_Bounds.m_Extent.z
      value: 1.0574666e-12
      objectReference: {fileID: 0}
    - target: {fileID: 943244797641749543, guid: 44de533eb0b87db4290f1130c3d2b947, type: 3}
      propertyPath: m_Bounds.m_Center.x
      value: -0.004180908
      objectReference: {fileID: 0}
    - target: {fileID: 943244797641749543, guid: 44de533eb0b87db4290f1130c3d2b947, type: 3}
      propertyPath: m_Bounds.m_Center.y
      value: 0.013980627
      objectReference: {fileID: 0}
    - target: {fileID: 943244797641749543, guid: 44de533eb0b87db4290f1130c3d2b947, type: 3}
      propertyPath: m_Bounds.m_Center.z
      value: 0.06
      objectReference: {fileID: 0}
    - target: {fileID: 943244797641749543, guid: 44de533eb0b87db4290f1130c3d2b947, type: 3}
      propertyPath: m_Bounds.m_Extent.x
      value: 2.9958792
      objectReference: {fileID: 0}
    - target: {fileID: 943244797641749543, guid: 44de533eb0b87db4290f1130c3d2b947, type: 3}
      propertyPath: m_Bounds.m_Extent.y
      value: 2.33608
      objectReference: {fileID: 0}
    - target: {fileID: 943244797641749543, guid: 44de533eb0b87db4290f1130c3d2b947, type: 3}
      propertyPath: m_Bounds.m_Extent.z
      value: 0.02
      objectReference: {fileID: 0}
    - target: {fileID: 1783914429209988553, guid: 44de533eb0b87db4290f1130c3d2b947, type: 3}
      propertyPath: m_Bounds.m_Center.x
      value: -0.00072979927
      objectReference: {fileID: 0}
    - target: {fileID: 1783914429209988553, guid: 44de533eb0b87db4290f1130c3d2b947, type: 3}
      propertyPath: m_Bounds.m_Center.y
      value: -0.19706821
      objectReference: {fileID: 0}
    - target: {fileID: 1783914429209988553, guid: 44de533eb0b87db4290f1130c3d2b947, type: 3}
      propertyPath: m_Bounds.m_Center.z
      value: 0.022499999
      objectReference: {fileID: 0}
    - target: {fileID: 1783914429209988553, guid: 44de533eb0b87db4290f1130c3d2b947, type: 3}
      propertyPath: m_Bounds.m_Extent.x
      value: 2.08046
      objectReference: {fileID: 0}
    - target: {fileID: 1783914429209988553, guid: 44de533eb0b87db4290f1130c3d2b947, type: 3}
      propertyPath: m_Bounds.m_Extent.y
      value: 3.9028096
      objectReference: {fileID: 0}
    - target: {fileID: 1783914429209988553, guid: 44de533eb0b87db4290f1130c3d2b947, type: 3}
      propertyPath: m_Bounds.m_Extent.z
      value: 0.0175
      objectReference: {fileID: 0}
    - target: {fileID: 1807387323385939614, guid: 44de533eb0b87db4290f1130c3d2b947, type: 3}
      propertyPath: m_Bounds.m_Center.x
      value: 0.015880346
      objectReference: {fileID: 0}
    - target: {fileID: 1807387323385939614, guid: 44de533eb0b87db4290f1130c3d2b947, type: 3}
      propertyPath: m_Bounds.m_Center.y
      value: 0.0025618076
      objectReference: {fileID: 0}
    - target: {fileID: 1807387323385939614, guid: 44de533eb0b87db4290f1130c3d2b947, type: 3}
      propertyPath: m_Bounds.m_Center.z
      value: 0.029999997
      objectReference: {fileID: 0}
    - target: {fileID: 1807387323385939614, guid: 44de533eb0b87db4290f1130c3d2b947, type: 3}
      propertyPath: m_Bounds.m_Extent.x
      value: 3.7740893
      objectReference: {fileID: 0}
    - target: {fileID: 1807387323385939614, guid: 44de533eb0b87db4290f1130c3d2b947, type: 3}
      propertyPath: m_Bounds.m_Extent.y
      value: 3.8774996
      objectReference: {fileID: 0}
    - target: {fileID: 1807387323385939614, guid: 44de533eb0b87db4290f1130c3d2b947, type: 3}
      propertyPath: m_Bounds.m_Extent.z
      value: 0.009999999
      objectReference: {fileID: 0}
    - target: {fileID: 2133424898238640368, guid: 44de533eb0b87db4290f1130c3d2b947, type: 3}
      propertyPath: m_Bounds.m_Center.x
      value: -0.000091552734
      objectReference: {fileID: 0}
    - target: {fileID: 2133424898238640368, guid: 44de533eb0b87db4290f1130c3d2b947, type: 3}
      propertyPath: m_Bounds.m_Center.y
      value: 0.000061035156
      objectReference: {fileID: 0}
    - target: {fileID: 2133424898238640368, guid: 44de533eb0b87db4290f1130c3d2b947, type: 3}
      propertyPath: m_Bounds.m_Center.z
      value: 4.656667e-10
      objectReference: {fileID: 0}
    - target: {fileID: 2133424898238640368, guid: 44de533eb0b87db4290f1130c3d2b947, type: 3}
      propertyPath: m_Bounds.m_Extent.x
      value: 0.9299998
      objectReference: {fileID: 0}
    - target: {fileID: 2133424898238640368, guid: 44de533eb0b87db4290f1130c3d2b947, type: 3}
      propertyPath: m_Bounds.m_Extent.y
      value: 5.319999
      objectReference: {fileID: 0}
    - target: {fileID: 2133424898238640368, guid: 44de533eb0b87db4290f1130c3d2b947, type: 3}
      propertyPath: m_Bounds.m_Extent.z
      value: 4.6805615e-13
      objectReference: {fileID: 0}
    - target: {fileID: 2142616806536344031, guid: 44de533eb0b87db4290f1130c3d2b947, type: 3}
      propertyPath: m_Bounds.m_Center.x
      value: -0.0025304556
      objectReference: {fileID: 0}
    - target: {fileID: 2142616806536344031, guid: 44de533eb0b87db4290f1130c3d2b947, type: 3}
      propertyPath: m_Bounds.m_Center.y
      value: 0.000061154366
      objectReference: {fileID: 0}
    - target: {fileID: 2142616806536344031, guid: 44de533eb0b87db4290f1130c3d2b947, type: 3}
      propertyPath: m_Bounds.m_Center.z
      value: 0.009999999
      objectReference: {fileID: 0}
    - target: {fileID: 2142616806536344031, guid: 44de533eb0b87db4290f1130c3d2b947, type: 3}
      propertyPath: m_Bounds.m_Extent.x
      value: 1.1375005
      objectReference: {fileID: 0}
    - target: {fileID: 2142616806536344031, guid: 44de533eb0b87db4290f1130c3d2b947, type: 3}
      propertyPath: m_Bounds.m_Extent.y
      value: 1.845001
      objectReference: {fileID: 0}
    - target: {fileID: 2882296342301815600, guid: 44de533eb0b87db4290f1130c3d2b947, type: 3}
      propertyPath: m_Bounds.m_Center.x
      value: 0
      objectReference: {fileID: 0}
    - target: {fileID: 2882296342301815600, guid: 44de533eb0b87db4290f1130c3d2b947, type: 3}
      propertyPath: m_Bounds.m_Center.y
      value: -0.0017786622
      objectReference: {fileID: 0}
    - target: {fileID: 2882296342301815600, guid: 44de533eb0b87db4290f1130c3d2b947, type: 3}
      propertyPath: m_Bounds.m_Center.z
      value: 2.3283128e-10
      objectReference: {fileID: 0}
    - target: {fileID: 2882296342301815600, guid: 44de533eb0b87db4290f1130c3d2b947, type: 3}
      propertyPath: m_Bounds.m_Extent.x
      value: 0.5400001
      objectReference: {fileID: 0}
    - target: {fileID: 2882296342301815600, guid: 44de533eb0b87db4290f1130c3d2b947, type: 3}
      propertyPath: m_Bounds.m_Extent.y
      value: 0.2731603
      objectReference: {fileID: 0}
    - target: {fileID: 2882296342301815600, guid: 44de533eb0b87db4290f1130c3d2b947, type: 3}
      propertyPath: m_Bounds.m_Extent.z
      value: 2.4829444e-13
      objectReference: {fileID: 0}
    - target: {fileID: 2964550871829921448, guid: 44de533eb0b87db4290f1130c3d2b947, type: 3}
      propertyPath: m_Bounds.m_Center.x
      value: -0.0060688257
      objectReference: {fileID: 0}
    - target: {fileID: 2964550871829921448, guid: 44de533eb0b87db4290f1130c3d2b947, type: 3}
      propertyPath: m_Bounds.m_Center.y
      value: 0.000061005354
      objectReference: {fileID: 0}
    - target: {fileID: 2964550871829921448, guid: 44de533eb0b87db4290f1130c3d2b947, type: 3}
      propertyPath: m_Bounds.m_Center.z
      value: 4.6837263e-15
      objectReference: {fileID: 0}
    - target: {fileID: 2964550871829921448, guid: 44de533eb0b87db4290f1130c3d2b947, type: 3}
      propertyPath: m_Bounds.m_Extent.x
      value: 0.9739313
      objectReference: {fileID: 0}
    - target: {fileID: 2964550871829921448, guid: 44de533eb0b87db4290f1130c3d2b947, type: 3}
      propertyPath: m_Bounds.m_Extent.y
      value: 0.40000004
      objectReference: {fileID: 0}
    - target: {fileID: 2964550871829921448, guid: 44de533eb0b87db4290f1130c3d2b947, type: 3}
      propertyPath: m_Bounds.m_Extent.z
      value: 4.4404568e-13
      objectReference: {fileID: 0}
    - target: {fileID: 3103513150708274614, guid: 44de533eb0b87db4290f1130c3d2b947, type: 3}
      propertyPath: m_Bounds.m_Center.x
      value: 0.016288757
      objectReference: {fileID: 0}
    - target: {fileID: 3103513150708274614, guid: 44de533eb0b87db4290f1130c3d2b947, type: 3}
      propertyPath: m_Bounds.m_Center.y
      value: -0.00077962875
      objectReference: {fileID: 0}
    - target: {fileID: 3103513150708274614, guid: 44de533eb0b87db4290f1130c3d2b947, type: 3}
      propertyPath: m_Bounds.m_Center.z
      value: 0.012586469
      objectReference: {fileID: 0}
    - target: {fileID: 3103513150708274614, guid: 44de533eb0b87db4290f1130c3d2b947, type: 3}
      propertyPath: m_Bounds.m_Extent.x
      value: 5.225894
      objectReference: {fileID: 0}
    - target: {fileID: 3103513150708274614, guid: 44de533eb0b87db4290f1130c3d2b947, type: 3}
      propertyPath: m_Bounds.m_Extent.y
      value: 7.934023
      objectReference: {fileID: 0}
    - target: {fileID: 3103513150708274614, guid: 44de533eb0b87db4290f1130c3d2b947, type: 3}
      propertyPath: m_Bounds.m_Extent.z
      value: 0.012586469
      objectReference: {fileID: 0}
    - target: {fileID: 3512085102506203752, guid: 44de533eb0b87db4290f1130c3d2b947, type: 3}
      propertyPath: m_Name
      value: Ingrid_LostNecklace
      objectReference: {fileID: 0}
    - target: {fileID: 4449803778291860276, guid: 44de533eb0b87db4290f1130c3d2b947, type: 3}
      propertyPath: m_RootOrder
      value: 4
      objectReference: {fileID: 0}
    - target: {fileID: 4449803778291860276, guid: 44de533eb0b87db4290f1130c3d2b947, type: 3}
      propertyPath: m_LocalPosition.x
      value: -417
      objectReference: {fileID: 0}
    - target: {fileID: 4449803778291860276, guid: 44de533eb0b87db4290f1130c3d2b947, type: 3}
      propertyPath: m_LocalPosition.y
      value: -804
      objectReference: {fileID: 0}
    - target: {fileID: 4449803778291860276, guid: 44de533eb0b87db4290f1130c3d2b947, type: 3}
      propertyPath: m_LocalPosition.z
      value: -0
      objectReference: {fileID: 0}
    - target: {fileID: 4449803778291860276, guid: 44de533eb0b87db4290f1130c3d2b947, type: 3}
      propertyPath: m_LocalRotation.w
      value: 0.0000031399397
      objectReference: {fileID: 0}
    - target: {fileID: 4449803778291860276, guid: 44de533eb0b87db4290f1130c3d2b947, type: 3}
      propertyPath: m_LocalRotation.x
      value: -0
      objectReference: {fileID: 0}
    - target: {fileID: 4449803778291860276, guid: 44de533eb0b87db4290f1130c3d2b947, type: 3}
      propertyPath: m_LocalRotation.y
      value: 1
      objectReference: {fileID: 0}
    - target: {fileID: 4449803778291860276, guid: 44de533eb0b87db4290f1130c3d2b947, type: 3}
      propertyPath: m_LocalRotation.z
      value: -0
      objectReference: {fileID: 0}
    - target: {fileID: 4449803778291860276, guid: 44de533eb0b87db4290f1130c3d2b947, type: 3}
      propertyPath: m_LocalEulerAnglesHint.x
      value: 0
      objectReference: {fileID: 0}
    - target: {fileID: 4449803778291860276, guid: 44de533eb0b87db4290f1130c3d2b947, type: 3}
      propertyPath: m_LocalEulerAnglesHint.y
      value: 180
      objectReference: {fileID: 0}
    - target: {fileID: 4449803778291860276, guid: 44de533eb0b87db4290f1130c3d2b947, type: 3}
      propertyPath: m_LocalEulerAnglesHint.z
      value: 0
      objectReference: {fileID: 0}
    - target: {fileID: 4563521220845171487, guid: 44de533eb0b87db4290f1130c3d2b947, type: 3}
      propertyPath: m_Bounds.m_Center.x
      value: -0.000060796738
      objectReference: {fileID: 0}
    - target: {fileID: 4563521220845171487, guid: 44de533eb0b87db4290f1130c3d2b947, type: 3}
      propertyPath: m_Bounds.m_Center.y
      value: 0.00009152293
      objectReference: {fileID: 0}
    - target: {fileID: 4563521220845171487, guid: 44de533eb0b87db4290f1130c3d2b947, type: 3}
      propertyPath: m_Bounds.m_Center.z
      value: 0.01
      objectReference: {fileID: 0}
    - target: {fileID: 4563521220845171487, guid: 44de533eb0b87db4290f1130c3d2b947, type: 3}
      propertyPath: m_Bounds.m_Extent.x
      value: 1.7200005
      objectReference: {fileID: 0}
    - target: {fileID: 4563521220845171487, guid: 44de533eb0b87db4290f1130c3d2b947, type: 3}
      propertyPath: m_Bounds.m_Extent.y
      value: 0.33003083
      objectReference: {fileID: 0}
    - target: {fileID: 4563521220845171487, guid: 44de533eb0b87db4290f1130c3d2b947, type: 3}
      propertyPath: m_Bounds.m_Extent.z
      value: 0
      objectReference: {fileID: 0}
    - target: {fileID: 4774220942531518683, guid: 44de533eb0b87db4290f1130c3d2b947, type: 3}
      propertyPath: m_Bounds.m_Center.x
      value: 0.00034952164
      objectReference: {fileID: 0}
    - target: {fileID: 4774220942531518683, guid: 44de533eb0b87db4290f1130c3d2b947, type: 3}
      propertyPath: m_Bounds.m_Center.y
      value: 0.010062218
      objectReference: {fileID: 0}
    - target: {fileID: 4774220942531518683, guid: 44de533eb0b87db4290f1130c3d2b947, type: 3}
      propertyPath: m_Bounds.m_Center.z
      value: 0.02
      objectReference: {fileID: 0}
    - target: {fileID: 4774220942531518683, guid: 44de533eb0b87db4290f1130c3d2b947, type: 3}
      propertyPath: m_Bounds.m_Extent.x
      value: 3.91402
      objectReference: {fileID: 0}
    - target: {fileID: 4774220942531518683, guid: 44de533eb0b87db4290f1130c3d2b947, type: 3}
      propertyPath: m_Bounds.m_Extent.y
      value: 4.16
      objectReference: {fileID: 0}
    - target: {fileID: 4774220942531518683, guid: 44de533eb0b87db4290f1130c3d2b947, type: 3}
      propertyPath: m_Bounds.m_Extent.z
      value: 0.02
      objectReference: {fileID: 0}
    - target: {fileID: 5139568263806235418, guid: 44de533eb0b87db4290f1130c3d2b947, type: 3}
      propertyPath: m_Bounds.m_Center.x
      value: -0.0036211014
      objectReference: {fileID: 0}
    - target: {fileID: 5139568263806235418, guid: 44de533eb0b87db4290f1130c3d2b947, type: 3}
      propertyPath: m_Bounds.m_Center.y
      value: 0.010045767
      objectReference: {fileID: 0}
    - target: {fileID: 5139568263806235418, guid: 44de533eb0b87db4290f1130c3d2b947, type: 3}
      propertyPath: m_Bounds.m_Center.z
      value: 0.04499999
      objectReference: {fileID: 0}
    - target: {fileID: 5139568263806235418, guid: 44de533eb0b87db4290f1130c3d2b947, type: 3}
      propertyPath: m_Bounds.m_Extent.x
      value: 1.7536826
      objectReference: {fileID: 0}
    - target: {fileID: 5139568263806235418, guid: 44de533eb0b87db4290f1130c3d2b947, type: 3}
      propertyPath: m_Bounds.m_Extent.y
      value: 2.9499848
      objectReference: {fileID: 0}
    - target: {fileID: 5139568263806235418, guid: 44de533eb0b87db4290f1130c3d2b947, type: 3}
      propertyPath: m_Bounds.m_Extent.z
      value: 0.04499999
      objectReference: {fileID: 0}
    - target: {fileID: 5340735255930869479, guid: 44de533eb0b87db4290f1130c3d2b947, type: 3}
      propertyPath: m_Bounds.m_Center.x
      value: 0.004623413
      objectReference: {fileID: 0}
    - target: {fileID: 5340735255930869479, guid: 44de533eb0b87db4290f1130c3d2b947, type: 3}
      propertyPath: m_Bounds.m_Center.y
      value: 0.001704216
      objectReference: {fileID: 0}
    - target: {fileID: 5340735255930869479, guid: 44de533eb0b87db4290f1130c3d2b947, type: 3}
      propertyPath: m_Bounds.m_Center.z
      value: 0.04
      objectReference: {fileID: 0}
    - target: {fileID: 5340735255930869479, guid: 44de533eb0b87db4290f1130c3d2b947, type: 3}
      propertyPath: m_Bounds.m_Extent.x
      value: 4.4672036
      objectReference: {fileID: 0}
    - target: {fileID: 5340735255930869479, guid: 44de533eb0b87db4290f1130c3d2b947, type: 3}
      propertyPath: m_Bounds.m_Extent.y
      value: 3.8509183
      objectReference: {fileID: 0}
    - target: {fileID: 5340735255930869479, guid: 44de533eb0b87db4290f1130c3d2b947, type: 3}
      propertyPath: m_Bounds.m_Extent.z
      value: 0.04
      objectReference: {fileID: 0}
    - target: {fileID: 5422966043109281016, guid: 44de533eb0b87db4290f1130c3d2b947, type: 3}
      propertyPath: m_Bounds.m_Center.x
      value: 0.0069745183
      objectReference: {fileID: 0}
    - target: {fileID: 5422966043109281016, guid: 44de533eb0b87db4290f1130c3d2b947, type: 3}
      propertyPath: m_Bounds.m_Center.y
      value: 0.006185204
      objectReference: {fileID: 0}
    - target: {fileID: 5422966043109281016, guid: 44de533eb0b87db4290f1130c3d2b947, type: 3}
      propertyPath: m_Bounds.m_Center.z
      value: -6.9004047e-16
      objectReference: {fileID: 0}
    - target: {fileID: 5422966043109281016, guid: 44de533eb0b87db4290f1130c3d2b947, type: 3}
      propertyPath: m_Bounds.m_Extent.x
      value: 0.5670051
      objectReference: {fileID: 0}
    - target: {fileID: 5422966043109281016, guid: 44de533eb0b87db4290f1130c3d2b947, type: 3}
      propertyPath: m_Bounds.m_Extent.y
      value: 0.41879165
      objectReference: {fileID: 0}
    - target: {fileID: 5422966043109281016, guid: 44de533eb0b87db4290f1130c3d2b947, type: 3}
      propertyPath: m_Bounds.m_Extent.z
      value: 2.6253844e-13
      objectReference: {fileID: 0}
    - target: {fileID: 5500460480638455840, guid: 44de533eb0b87db4290f1130c3d2b947, type: 3}
      propertyPath: m_Bounds.m_Center.x
      value: 0.043493986
      objectReference: {fileID: 0}
    - target: {fileID: 5500460480638455840, guid: 44de533eb0b87db4290f1130c3d2b947, type: 3}
      propertyPath: m_Bounds.m_Center.y
      value: 0.00012207031
      objectReference: {fileID: 0}
    - target: {fileID: 5500460480638455840, guid: 44de533eb0b87db4290f1130c3d2b947, type: 3}
      propertyPath: m_Bounds.m_Center.z
      value: 0.02
      objectReference: {fileID: 0}
    - target: {fileID: 5500460480638455840, guid: 44de533eb0b87db4290f1130c3d2b947, type: 3}
      propertyPath: m_Bounds.m_Extent.x
      value: 1.9879472
      objectReference: {fileID: 0}
    - target: {fileID: 5500460480638455840, guid: 44de533eb0b87db4290f1130c3d2b947, type: 3}
      propertyPath: m_Bounds.m_Extent.y
      value: 3.1099997
      objectReference: {fileID: 0}
    - target: {fileID: 5500460480638455840, guid: 44de533eb0b87db4290f1130c3d2b947, type: 3}
      propertyPath: m_Bounds.m_Extent.z
      value: 0.02
      objectReference: {fileID: 0}
    - target: {fileID: 5582975250374181818, guid: 44de533eb0b87db4290f1130c3d2b947, type: 3}
      propertyPath: m_Bounds.m_Center.x
      value: 0
      objectReference: {fileID: 0}
    - target: {fileID: 5582975250374181818, guid: 44de533eb0b87db4290f1130c3d2b947, type: 3}
      propertyPath: m_Bounds.m_Center.y
      value: 0.000061005354
      objectReference: {fileID: 0}
    - target: {fileID: 5582975250374181818, guid: 44de533eb0b87db4290f1130c3d2b947, type: 3}
      propertyPath: m_Bounds.m_Center.z
      value: 3.0685632e-16
      objectReference: {fileID: 0}
    - target: {fileID: 5582975250374181818, guid: 44de533eb0b87db4290f1130c3d2b947, type: 3}
      propertyPath: m_Bounds.m_Extent.x
      value: 0.9600001
      objectReference: {fileID: 0}
    - target: {fileID: 5582975250374181818, guid: 44de533eb0b87db4290f1130c3d2b947, type: 3}
      propertyPath: m_Bounds.m_Extent.y
      value: 0.305
      objectReference: {fileID: 0}
    - target: {fileID: 5582975250374181818, guid: 44de533eb0b87db4290f1130c3d2b947, type: 3}
      propertyPath: m_Bounds.m_Extent.z
      value: 4.395611e-13
      objectReference: {fileID: 0}
    - target: {fileID: 6236929417170726185, guid: 44de533eb0b87db4290f1130c3d2b947, type: 3}
      propertyPath: m_Bounds.m_Center.x
      value: 0.002640009
      objectReference: {fileID: 0}
    - target: {fileID: 6236929417170726185, guid: 44de533eb0b87db4290f1130c3d2b947, type: 3}
      propertyPath: m_Bounds.m_Center.y
      value: -0.004478693
      objectReference: {fileID: 0}
    - target: {fileID: 6236929417170726185, guid: 44de533eb0b87db4290f1130c3d2b947, type: 3}
      propertyPath: m_Bounds.m_Center.z
      value: 2.3282651e-10
      objectReference: {fileID: 0}
    - target: {fileID: 6236929417170726185, guid: 44de533eb0b87db4290f1130c3d2b947, type: 3}
      propertyPath: m_Bounds.m_Extent.x
      value: 2.21736
      objectReference: {fileID: 0}
    - target: {fileID: 6236929417170726185, guid: 44de533eb0b87db4290f1130c3d2b947, type: 3}
      propertyPath: m_Bounds.m_Extent.y
      value: 0.5554602
      objectReference: {fileID: 0}
    - target: {fileID: 6236929417170726185, guid: 44de533eb0b87db4290f1130c3d2b947, type: 3}
      propertyPath: m_Bounds.m_Extent.z
      value: 1.0061327e-12
      objectReference: {fileID: 0}
    - target: {fileID: 6278922022268112444, guid: 44de533eb0b87db4290f1130c3d2b947, type: 3}
      propertyPath: m_Bounds.m_Center.x
      value: -0.00003015995
      objectReference: {fileID: 0}
    - target: {fileID: 6278922022268112444, guid: 44de533eb0b87db4290f1130c3d2b947, type: 3}
      propertyPath: m_Bounds.m_Center.y
      value: -0.010377973
      objectReference: {fileID: 0}
    - target: {fileID: 6278922022268112444, guid: 44de533eb0b87db4290f1130c3d2b947, type: 3}
      propertyPath: m_Bounds.m_Center.z
      value: 0.009999999
      objectReference: {fileID: 0}
    - target: {fileID: 6278922022268112444, guid: 44de533eb0b87db4290f1130c3d2b947, type: 3}
      propertyPath: m_Bounds.m_Extent.x
      value: 1.8649697
      objectReference: {fileID: 0}
    - target: {fileID: 6278922022268112444, guid: 44de533eb0b87db4290f1130c3d2b947, type: 3}
      propertyPath: m_Bounds.m_Extent.y
      value: 0.24456128
      objectReference: {fileID: 0}
    - target: {fileID: 7043851338979722976, guid: 44de533eb0b87db4290f1130c3d2b947, type: 3}
      propertyPath: m_Bounds.m_Center.x
      value: 0.011408567
      objectReference: {fileID: 0}
    - target: {fileID: 7043851338979722976, guid: 44de533eb0b87db4290f1130c3d2b947, type: 3}
      propertyPath: m_Bounds.m_Center.y
      value: -0.00101161
      objectReference: {fileID: 0}
    - target: {fileID: 7043851338979722976, guid: 44de533eb0b87db4290f1130c3d2b947, type: 3}
      propertyPath: m_Bounds.m_Center.z
      value: 0.059999995
      objectReference: {fileID: 0}
    - target: {fileID: 7043851338979722976, guid: 44de533eb0b87db4290f1130c3d2b947, type: 3}
      propertyPath: m_Bounds.m_Extent.x
      value: 2.4985304
      objectReference: {fileID: 0}
    - target: {fileID: 7043851338979722976, guid: 44de533eb0b87db4290f1130c3d2b947, type: 3}
      propertyPath: m_Bounds.m_Extent.y
      value: 2.2043889
      objectReference: {fileID: 0}
    - target: {fileID: 7043851338979722976, guid: 44de533eb0b87db4290f1130c3d2b947, type: 3}
      propertyPath: m_Bounds.m_Extent.z
      value: 0.019999998
      objectReference: {fileID: 0}
    - target: {fileID: 7489868388258859721, guid: 44de533eb0b87db4290f1130c3d2b947, type: 3}
      propertyPath: m_Bounds.m_Center.x
      value: -0.0034009218
      objectReference: {fileID: 0}
    - target: {fileID: 7489868388258859721, guid: 44de533eb0b87db4290f1130c3d2b947, type: 3}
      propertyPath: m_Bounds.m_Center.y
      value: 0.00999999
      objectReference: {fileID: 0}
    - target: {fileID: 7489868388258859721, guid: 44de533eb0b87db4290f1130c3d2b947, type: 3}
      propertyPath: m_Bounds.m_Center.z
      value: 2.3264399e-10
      objectReference: {fileID: 0}
    - target: {fileID: 7489868388258859721, guid: 44de533eb0b87db4290f1130c3d2b947, type: 3}
      propertyPath: m_Bounds.m_Extent.x
      value: 1.7538208
      objectReference: {fileID: 0}
    - target: {fileID: 7489868388258859721, guid: 44de533eb0b87db4290f1130c3d2b947, type: 3}
      propertyPath: m_Bounds.m_Extent.y
      value: 2.6
      objectReference: {fileID: 0}
    - target: {fileID: 7489868388258859721, guid: 44de533eb0b87db4290f1130c3d2b947, type: 3}
      propertyPath: m_Bounds.m_Extent.z
      value: 9.568804e-13
      objectReference: {fileID: 0}
    - target: {fileID: 7681994492587542408, guid: 44de533eb0b87db4290f1130c3d2b947, type: 3}
      propertyPath: m_Bounds.m_Center.x
      value: -0.0032414198
      objectReference: {fileID: 0}
    - target: {fileID: 7681994492587542408, guid: 44de533eb0b87db4290f1130c3d2b947, type: 3}
      propertyPath: m_Bounds.m_Center.y
      value: 0.000030040741
      objectReference: {fileID: 0}
    - target: {fileID: 7681994492587542408, guid: 44de533eb0b87db4290f1130c3d2b947, type: 3}
      propertyPath: m_Bounds.m_Center.z
      value: 0.04999999
      objectReference: {fileID: 0}
    - target: {fileID: 7681994492587542408, guid: 44de533eb0b87db4290f1130c3d2b947, type: 3}
      propertyPath: m_Bounds.m_Extent.x
      value: 1.7208301
      objectReference: {fileID: 0}
    - target: {fileID: 7681994492587542408, guid: 44de533eb0b87db4290f1130c3d2b947, type: 3}
      propertyPath: m_Bounds.m_Extent.y
      value: 1.6700307
      objectReference: {fileID: 0}
    - target: {fileID: 7681994492587542408, guid: 44de533eb0b87db4290f1130c3d2b947, type: 3}
      propertyPath: m_Bounds.m_Extent.z
      value: 0.009999996
      objectReference: {fileID: 0}
    - target: {fileID: 7931083198390663881, guid: 44de533eb0b87db4290f1130c3d2b947, type: 3}
      propertyPath: m_Bounds.m_Center.x
      value: -0.011974096
      objectReference: {fileID: 0}
    - target: {fileID: 7931083198390663881, guid: 44de533eb0b87db4290f1130c3d2b947, type: 3}
      propertyPath: m_Bounds.m_Center.y
      value: -0.0006482005
      objectReference: {fileID: 0}
    - target: {fileID: 7931083198390663881, guid: 44de533eb0b87db4290f1130c3d2b947, type: 3}
      propertyPath: m_Bounds.m_Center.z
      value: 2.3283772e-10
      objectReference: {fileID: 0}
    - target: {fileID: 7931083198390663881, guid: 44de533eb0b87db4290f1130c3d2b947, type: 3}
      propertyPath: m_Bounds.m_Extent.x
      value: 0.56805646
      objectReference: {fileID: 0}
    - target: {fileID: 7931083198390663881, guid: 44de533eb0b87db4290f1130c3d2b947, type: 3}
      propertyPath: m_Bounds.m_Extent.y
      value: 0.54484993
      objectReference: {fileID: 0}
    - target: {fileID: 7931083198390663881, guid: 44de533eb0b87db4290f1130c3d2b947, type: 3}
      propertyPath: m_Bounds.m_Extent.z
      value: 2.6482289e-13
      objectReference: {fileID: 0}
    - target: {fileID: 7991103757342426541, guid: 44de533eb0b87db4290f1130c3d2b947, type: 3}
      propertyPath: m_Bounds.m_Center.x
      value: -0.000030517578
      objectReference: {fileID: 0}
    - target: {fileID: 7991103757342426541, guid: 44de533eb0b87db4290f1130c3d2b947, type: 3}
      propertyPath: m_Bounds.m_Center.y
      value: 0.0025610328
      objectReference: {fileID: 0}
    - target: {fileID: 7991103757342426541, guid: 44de533eb0b87db4290f1130c3d2b947, type: 3}
      propertyPath: m_Bounds.m_Center.z
      value: 2.3282694e-10
      objectReference: {fileID: 0}
    - target: {fileID: 7991103757342426541, guid: 44de533eb0b87db4290f1130c3d2b947, type: 3}
      propertyPath: m_Bounds.m_Extent.x
      value: 2.2300003
      objectReference: {fileID: 0}
    - target: {fileID: 7991103757342426541, guid: 44de533eb0b87db4290f1130c3d2b947, type: 3}
      propertyPath: m_Bounds.m_Extent.y
      value: 0.6775
      objectReference: {fileID: 0}
    - target: {fileID: 7991103757342426541, guid: 44de533eb0b87db4290f1130c3d2b947, type: 3}
      propertyPath: m_Bounds.m_Extent.z
      value: 1.0143691e-12
      objectReference: {fileID: 0}
    - target: {fileID: 8430293892829152813, guid: 44de533eb0b87db4290f1130c3d2b947, type: 3}
      propertyPath: m_Bounds.m_Center.x
      value: 0
      objectReference: {fileID: 0}
    - target: {fileID: 8430293892829152813, guid: 44de533eb0b87db4290f1130c3d2b947, type: 3}
      propertyPath: m_Bounds.m_Center.y
      value: 0.000061035156
      objectReference: {fileID: 0}
    - target: {fileID: 8430293892829152813, guid: 44de533eb0b87db4290f1130c3d2b947, type: 3}
      propertyPath: m_Bounds.m_Center.z
      value: 5.7330985e-15
      objectReference: {fileID: 0}
    - target: {fileID: 8430293892829152813, guid: 44de533eb0b87db4290f1130c3d2b947, type: 3}
      propertyPath: m_Bounds.m_Extent.x
      value: 0.9900001
      objectReference: {fileID: 0}
    - target: {fileID: 8430293892829152813, guid: 44de533eb0b87db4290f1130c3d2b947, type: 3}
      propertyPath: m_Bounds.m_Extent.y
      value: 0.5500001
      objectReference: {fileID: 0}
    - target: {fileID: 8430293892829152813, guid: 44de533eb0b87db4290f1130c3d2b947, type: 3}
      propertyPath: m_Bounds.m_Extent.z
      value: 4.5705735e-13
      objectReference: {fileID: 0}
    - target: {fileID: 8678091714145348704, guid: 44de533eb0b87db4290f1130c3d2b947, type: 3}
      propertyPath: m_Bounds.m_Center.x
      value: -0.000030755997
      objectReference: {fileID: 0}
    - target: {fileID: 8678091714145348704, guid: 44de533eb0b87db4290f1130c3d2b947, type: 3}
      propertyPath: m_Bounds.m_Center.y
      value: 0.096030235
      objectReference: {fileID: 0}
    - target: {fileID: 8678091714145348704, guid: 44de533eb0b87db4290f1130c3d2b947, type: 3}
      propertyPath: m_Bounds.m_Center.z
      value: 0.019999998
      objectReference: {fileID: 0}
    - target: {fileID: 8678091714145348704, guid: 44de533eb0b87db4290f1130c3d2b947, type: 3}
      propertyPath: m_Bounds.m_Extent.x
      value: 2.95
      objectReference: {fileID: 0}
    - target: {fileID: 8678091714145348704, guid: 44de533eb0b87db4290f1130c3d2b947, type: 3}
      propertyPath: m_Bounds.m_Extent.y
      value: 2.5239701
      objectReference: {fileID: 0}
    - target: {fileID: 8678091714145348704, guid: 44de533eb0b87db4290f1130c3d2b947, type: 3}
      propertyPath: m_Bounds.m_Extent.z
      value: 0.019999998
      objectReference: {fileID: 0}
    - target: {fileID: 8881257894992380678, guid: 44de533eb0b87db4290f1130c3d2b947, type: 3}
      propertyPath: m_Bounds.m_Center.x
      value: -2.5200024
      objectReference: {fileID: 0}
    - target: {fileID: 8881257894992380678, guid: 44de533eb0b87db4290f1130c3d2b947, type: 3}
      propertyPath: m_Bounds.m_Center.y
      value: 0.0025501251
      objectReference: {fileID: 0}
    - target: {fileID: 8881257894992380678, guid: 44de533eb0b87db4290f1130c3d2b947, type: 3}
      propertyPath: m_Bounds.m_Center.z
      value: -0.20000003
      objectReference: {fileID: 0}
    - target: {fileID: 8881257894992380678, guid: 44de533eb0b87db4290f1130c3d2b947, type: 3}
      propertyPath: m_Bounds.m_Extent.x
      value: 4.710004
      objectReference: {fileID: 0}
    - target: {fileID: 8881257894992380678, guid: 44de533eb0b87db4290f1130c3d2b947, type: 3}
      propertyPath: m_Bounds.m_Extent.y
      value: 12.707451
      objectReference: {fileID: 0}
    - target: {fileID: 8881257894992380678, guid: 44de533eb0b87db4290f1130c3d2b947, type: 3}
      propertyPath: m_Bounds.m_Extent.z
      value: 0.20000003
      objectReference: {fileID: 0}
    - target: {fileID: 9189129581983860033, guid: 44de533eb0b87db4290f1130c3d2b947, type: 3}
      propertyPath: m_Bounds.m_Center.x
      value: -0.00000023841858
      objectReference: {fileID: 0}
    - target: {fileID: 9189129581983860033, guid: 44de533eb0b87db4290f1130c3d2b947, type: 3}
      propertyPath: m_Bounds.m_Center.y
      value: 0.007561207
      objectReference: {fileID: 0}
    - target: {fileID: 9189129581983860033, guid: 44de533eb0b87db4290f1130c3d2b947, type: 3}
      propertyPath: m_Bounds.m_Center.z
      value: -0.062294222
      objectReference: {fileID: 0}
    - target: {fileID: 9189129581983860033, guid: 44de533eb0b87db4290f1130c3d2b947, type: 3}
      propertyPath: m_Bounds.m_Extent.x
      value: 3.8350005
      objectReference: {fileID: 0}
    - target: {fileID: 9189129581983860033, guid: 44de533eb0b87db4290f1130c3d2b947, type: 3}
      propertyPath: m_Bounds.m_Extent.y
      value: 7.9425
      objectReference: {fileID: 0}
    - target: {fileID: 9189129581983860033, guid: 44de533eb0b87db4290f1130c3d2b947, type: 3}
      propertyPath: m_Bounds.m_Extent.z
      value: 0.12076155
      objectReference: {fileID: 0}
    m_RemovedComponents: []
  m_SourcePrefab: {fileID: 100100000, guid: 44de533eb0b87db4290f1130c3d2b947, type: 3}
--- !u!1001 &5642989755353522771
PrefabInstance:
  m_ObjectHideFlags: 0
  serializedVersion: 2
  m_Modification:
    m_TransformParent: {fileID: 7852098021213066276}
    m_Modifications:
    - target: {fileID: 1603841530746956960, guid: 760f9081ec9bea944bb1a54cb997d538, type: 3}
      propertyPath: m_Pivot.x
      value: 0
      objectReference: {fileID: 0}
    - target: {fileID: 1603841530746956960, guid: 760f9081ec9bea944bb1a54cb997d538, type: 3}
      propertyPath: m_Pivot.y
      value: 0
      objectReference: {fileID: 0}
    - target: {fileID: 1603841530746956960, guid: 760f9081ec9bea944bb1a54cb997d538, type: 3}
      propertyPath: m_RootOrder
      value: 0
      objectReference: {fileID: 0}
    - target: {fileID: 1603841530746956960, guid: 760f9081ec9bea944bb1a54cb997d538, type: 3}
      propertyPath: m_AnchorMax.x
      value: 0
      objectReference: {fileID: 0}
    - target: {fileID: 1603841530746956960, guid: 760f9081ec9bea944bb1a54cb997d538, type: 3}
      propertyPath: m_AnchorMax.y
      value: 0
      objectReference: {fileID: 0}
    - target: {fileID: 1603841530746956960, guid: 760f9081ec9bea944bb1a54cb997d538, type: 3}
      propertyPath: m_AnchorMin.x
      value: 0
      objectReference: {fileID: 0}
    - target: {fileID: 1603841530746956960, guid: 760f9081ec9bea944bb1a54cb997d538, type: 3}
      propertyPath: m_AnchorMin.y
      value: 0
      objectReference: {fileID: 0}
    - target: {fileID: 1603841530746956960, guid: 760f9081ec9bea944bb1a54cb997d538, type: 3}
      propertyPath: m_SizeDelta.x
      value: 0
      objectReference: {fileID: 0}
    - target: {fileID: 1603841530746956960, guid: 760f9081ec9bea944bb1a54cb997d538, type: 3}
      propertyPath: m_SizeDelta.y
      value: 0
      objectReference: {fileID: 0}
    - target: {fileID: 1603841530746956960, guid: 760f9081ec9bea944bb1a54cb997d538, type: 3}
      propertyPath: m_LocalPosition.x
      value: 0
      objectReference: {fileID: 0}
    - target: {fileID: 1603841530746956960, guid: 760f9081ec9bea944bb1a54cb997d538, type: 3}
      propertyPath: m_LocalPosition.y
      value: 0
      objectReference: {fileID: 0}
    - target: {fileID: 1603841530746956960, guid: 760f9081ec9bea944bb1a54cb997d538, type: 3}
      propertyPath: m_LocalPosition.z
      value: 0
      objectReference: {fileID: 0}
    - target: {fileID: 1603841530746956960, guid: 760f9081ec9bea944bb1a54cb997d538, type: 3}
      propertyPath: m_LocalRotation.w
      value: 1
      objectReference: {fileID: 0}
    - target: {fileID: 1603841530746956960, guid: 760f9081ec9bea944bb1a54cb997d538, type: 3}
      propertyPath: m_LocalRotation.x
      value: 0
      objectReference: {fileID: 0}
    - target: {fileID: 1603841530746956960, guid: 760f9081ec9bea944bb1a54cb997d538, type: 3}
      propertyPath: m_LocalRotation.y
      value: 0
      objectReference: {fileID: 0}
    - target: {fileID: 1603841530746956960, guid: 760f9081ec9bea944bb1a54cb997d538, type: 3}
      propertyPath: m_LocalRotation.z
      value: 0
      objectReference: {fileID: 0}
    - target: {fileID: 1603841530746956960, guid: 760f9081ec9bea944bb1a54cb997d538, type: 3}
      propertyPath: m_AnchoredPosition.x
      value: 0
      objectReference: {fileID: 0}
    - target: {fileID: 1603841530746956960, guid: 760f9081ec9bea944bb1a54cb997d538, type: 3}
      propertyPath: m_AnchoredPosition.y
      value: 0
      objectReference: {fileID: 0}
    - target: {fileID: 1603841530746956960, guid: 760f9081ec9bea944bb1a54cb997d538, type: 3}
      propertyPath: m_LocalEulerAnglesHint.x
      value: 0
      objectReference: {fileID: 0}
    - target: {fileID: 1603841530746956960, guid: 760f9081ec9bea944bb1a54cb997d538, type: 3}
      propertyPath: m_LocalEulerAnglesHint.y
      value: 0
      objectReference: {fileID: 0}
    - target: {fileID: 1603841530746956960, guid: 760f9081ec9bea944bb1a54cb997d538, type: 3}
      propertyPath: m_LocalEulerAnglesHint.z
      value: 0
      objectReference: {fileID: 0}
    - target: {fileID: 1603841530746956972, guid: 760f9081ec9bea944bb1a54cb997d538, type: 3}
      propertyPath: m_Name
      value: Dialogue_GUI
      objectReference: {fileID: 0}
    - target: {fileID: 1603841530746956972, guid: 760f9081ec9bea944bb1a54cb997d538, type: 3}
      propertyPath: m_IsActive
      value: 1
      objectReference: {fileID: 0}
    - target: {fileID: 3186623118706510277, guid: 760f9081ec9bea944bb1a54cb997d538, type: 3}
      propertyPath: m_SizeDelta.y
      value: 0
      objectReference: {fileID: 0}
    - target: {fileID: 3186623118706510277, guid: 760f9081ec9bea944bb1a54cb997d538, type: 3}
      propertyPath: m_AnchoredPosition.y
      value: 0
      objectReference: {fileID: 0}
    - target: {fileID: 4494807827692425400, guid: 760f9081ec9bea944bb1a54cb997d538, type: 3}
      propertyPath: m_AnchorMax.y
      value: 0
      objectReference: {fileID: 0}
    - target: {fileID: 4494807827692425400, guid: 760f9081ec9bea944bb1a54cb997d538, type: 3}
      propertyPath: m_AnchorMin.y
      value: 0
      objectReference: {fileID: 0}
    - target: {fileID: 4494807827692425400, guid: 760f9081ec9bea944bb1a54cb997d538, type: 3}
      propertyPath: m_SizeDelta.x
      value: 0
      objectReference: {fileID: 0}
    - target: {fileID: 4494807827692425400, guid: 760f9081ec9bea944bb1a54cb997d538, type: 3}
      propertyPath: m_AnchoredPosition.x
      value: 0
      objectReference: {fileID: 0}
    - target: {fileID: 4494807827692425400, guid: 760f9081ec9bea944bb1a54cb997d538, type: 3}
      propertyPath: m_AnchoredPosition.y
      value: 0
      objectReference: {fileID: 0}
    - target: {fileID: 7863358984429736464, guid: 760f9081ec9bea944bb1a54cb997d538, type: 3}
      propertyPath: onDialogueEnd.m_PersistentCalls.m_Calls.Array.size
      value: 1
      objectReference: {fileID: 0}
    - target: {fileID: 7863358984429736464, guid: 760f9081ec9bea944bb1a54cb997d538, type: 3}
      propertyPath: onDialogueEnd.m_PersistentCalls.m_Calls.Array.data[0].m_Mode
      value: 5
      objectReference: {fileID: 0}
    - target: {fileID: 7863358984429736464, guid: 760f9081ec9bea944bb1a54cb997d538, type: 3}
      propertyPath: onDialogueEnd.m_PersistentCalls.m_Calls.Array.data[0].m_Target
      value: 
      objectReference: {fileID: 6323941845336829854}
    - target: {fileID: 7863358984429736464, guid: 760f9081ec9bea944bb1a54cb997d538, type: 3}
      propertyPath: onDialogueEnd.m_PersistentCalls.m_Calls.Array.data[0].m_MethodName
      value: TriggerUnityEvent
      objectReference: {fileID: 0}
    - target: {fileID: 7863358984429736464, guid: 760f9081ec9bea944bb1a54cb997d538, type: 3}
      propertyPath: onDialogueEnd.m_PersistentCalls.m_Calls.Array.data[0].m_TargetAssemblyTypeName
      value: Bolt.EventMachine`2[[Bolt.FlowGraph, Bolt.Flow.Runtime
      objectReference: {fileID: 0}
    - target: {fileID: 7863358984429736464, guid: 760f9081ec9bea944bb1a54cb997d538, type: 3}
      propertyPath: onDialogueEnd.m_PersistentCalls.m_Calls.Array.data[0].m_Arguments.m_StringArgument
      value: Click
      objectReference: {fileID: 0}
    - target: {fileID: 7863358984429736465, guid: 760f9081ec9bea944bb1a54cb997d538, type: 3}
      propertyPath: yarnScripts.Array.data[0]
      value: 
      objectReference: {fileID: 2480198943629176163, guid: 86d990ad10fe61e4b88e3dda3bf955d6, type: 3}
    - target: {fileID: 8319645416599997902, guid: 760f9081ec9bea944bb1a54cb997d538, type: 3}
      propertyPath: m_AnchorMax.y
      value: 0
      objectReference: {fileID: 0}
    - target: {fileID: 8319645416599997902, guid: 760f9081ec9bea944bb1a54cb997d538, type: 3}
      propertyPath: m_AnchorMin.y
      value: 0
      objectReference: {fileID: 0}
    - target: {fileID: 8319645416599997902, guid: 760f9081ec9bea944bb1a54cb997d538, type: 3}
      propertyPath: m_SizeDelta.x
      value: 0
      objectReference: {fileID: 0}
    - target: {fileID: 8319645416599997902, guid: 760f9081ec9bea944bb1a54cb997d538, type: 3}
      propertyPath: m_AnchoredPosition.x
      value: 0
      objectReference: {fileID: 0}
    - target: {fileID: 8319645416599997902, guid: 760f9081ec9bea944bb1a54cb997d538, type: 3}
      propertyPath: m_AnchoredPosition.y
      value: 0
      objectReference: {fileID: 0}
    - target: {fileID: 8319645417373181207, guid: 760f9081ec9bea944bb1a54cb997d538, type: 3}
      propertyPath: m_AnchorMax.y
      value: 0
      objectReference: {fileID: 0}
    - target: {fileID: 8319645417373181207, guid: 760f9081ec9bea944bb1a54cb997d538, type: 3}
      propertyPath: m_AnchorMin.y
      value: 0
      objectReference: {fileID: 0}
    - target: {fileID: 8319645417373181207, guid: 760f9081ec9bea944bb1a54cb997d538, type: 3}
      propertyPath: m_SizeDelta.x
      value: 0
      objectReference: {fileID: 0}
    - target: {fileID: 8319645417373181207, guid: 760f9081ec9bea944bb1a54cb997d538, type: 3}
      propertyPath: m_AnchoredPosition.x
      value: 0
      objectReference: {fileID: 0}
    - target: {fileID: 8319645417373181207, guid: 760f9081ec9bea944bb1a54cb997d538, type: 3}
      propertyPath: m_AnchoredPosition.y
      value: 0
      objectReference: {fileID: 0}
    m_RemovedComponents: []
  m_SourcePrefab: {fileID: 100100000, guid: 760f9081ec9bea944bb1a54cb997d538, type: 3}
--- !u!1 &6345026616840883967 stripped
GameObject:
  m_CorrespondingSourceObject: {fileID: 1603841530746956972, guid: 760f9081ec9bea944bb1a54cb997d538, type: 3}
  m_PrefabInstance: {fileID: 5642989755353522771}
  m_PrefabAsset: {fileID: 0}
--- !u!224 &6345026616840883955 stripped
RectTransform:
  m_CorrespondingSourceObject: {fileID: 1603841530746956960, guid: 760f9081ec9bea944bb1a54cb997d538, type: 3}
  m_PrefabInstance: {fileID: 5642989755353522771}
  m_PrefabAsset: {fileID: 0}
