%YAML 1.1
%TAG !u! tag:unity3d.com,2011:
--- !u!1 &3301510143872766274
GameObject:
  m_ObjectHideFlags: 0
  m_CorrespondingSourceObject: {fileID: 0}
  m_PrefabInstance: {fileID: 0}
  m_PrefabAsset: {fileID: 0}
  serializedVersion: 6
  m_Component:
  - component: {fileID: 4296002282435171311}
  m_Layer: 8
  m_Name: root
  m_TagString: Untagged
  m_Icon: {fileID: 0}
  m_NavMeshLayer: 0
  m_StaticEditorFlags: 0
  m_IsActive: 1
--- !u!4 &4296002282435171311
Transform:
  m_ObjectHideFlags: 0
  m_CorrespondingSourceObject: {fileID: 0}
  m_PrefabInstance: {fileID: 0}
  m_PrefabAsset: {fileID: 0}
  m_GameObject: {fileID: 3301510143872766274}
  m_LocalRotation: {x: 0, y: 0, z: 0, w: 1}
  m_LocalPosition: {x: -1.16, y: 0, z: 0}
  m_LocalScale: {x: 1, y: 1, z: 1}
  m_Children:
  - {fileID: 1536527153275280726}
  m_Father: {fileID: 7852098021213066276}
  m_RootOrder: 2
  m_LocalEulerAnglesHint: {x: 0, y: 0, z: 0}
--- !u!1 &4595982148459762202
GameObject:
  m_ObjectHideFlags: 0
  m_CorrespondingSourceObject: {fileID: 0}
  m_PrefabInstance: {fileID: 0}
  m_PrefabAsset: {fileID: 0}
  serializedVersion: 6
  m_Component:
  - component: {fileID: 5333846909990289563}
  - component: {fileID: 5356002640889116820}
  m_Layer: 8
  m_Name: Light
  m_TagString: Untagged
  m_Icon: {fileID: 0}
  m_NavMeshLayer: 0
  m_StaticEditorFlags: 0
  m_IsActive: 1
--- !u!4 &5333846909990289563
Transform:
  m_ObjectHideFlags: 0
  m_CorrespondingSourceObject: {fileID: 0}
  m_PrefabInstance: {fileID: 0}
  m_PrefabAsset: {fileID: 0}
  m_GameObject: {fileID: 4595982148459762202}
  m_LocalRotation: {x: -0, y: -0, z: -0, w: 1}
  m_LocalPosition: {x: 1.382, y: 1.451, z: -3.08}
  m_LocalScale: {x: 1, y: 1, z: 1}
  m_Children: []
  m_Father: {fileID: 7852098021213066276}
  m_RootOrder: 1
  m_LocalEulerAnglesHint: {x: 0, y: 0, z: 0}
--- !u!108 &5356002640889116820
Light:
  m_ObjectHideFlags: 0
  m_CorrespondingSourceObject: {fileID: 0}
  m_PrefabInstance: {fileID: 0}
  m_PrefabAsset: {fileID: 0}
  m_GameObject: {fileID: 4595982148459762202}
  m_Enabled: 1
  serializedVersion: 10
  m_Type: 2
  m_Shape: 0
  m_Color: {r: 1, g: 1, b: 1, a: 1}
  m_Intensity: 1
  m_Range: 60
  m_SpotAngle: 30
  m_InnerSpotAngle: 21.80208
  m_CookieSize: 10
  m_Shadows:
    m_Type: 0
    m_Resolution: -1
    m_CustomResolution: -1
    m_Strength: 1
    m_Bias: 0.05
    m_NormalBias: 0.4
    m_NearPlane: 0.2
    m_CullingMatrixOverride:
      e00: 1
      e01: 0
      e02: 0
      e03: 0
      e10: 0
      e11: 1
      e12: 0
      e13: 0
      e20: 0
      e21: 0
      e22: 1
      e23: 0
      e30: 0
      e31: 0
      e32: 0
      e33: 1
    m_UseCullingMatrixOverride: 0
  m_Cookie: {fileID: 0}
  m_DrawHalo: 0
  m_Flare: {fileID: 0}
  m_RenderMode: 0
  m_CullingMask:
    serializedVersion: 2
    m_Bits: 256
  m_RenderingLayerMask: 1
  m_Lightmapping: 4
  m_LightShadowCasterMode: 0
  m_AreaSize: {x: 1, y: 1}
  m_BounceIntensity: 1
  m_ColorTemperature: 6570
  m_UseColorTemperature: 0
  m_BoundingSphereOverride: {x: 0, y: 0, z: 0, w: 0}
  m_UseBoundingSphereOverride: 0
  m_UseViewFrustumForShadowCasterCull: 1
  m_ShadowRadius: 0
  m_ShadowAngle: 0
--- !u!1 &7200205568457632454
GameObject:
  m_ObjectHideFlags: 0
  m_CorrespondingSourceObject: {fileID: 0}
  m_PrefabInstance: {fileID: 0}
  m_PrefabAsset: {fileID: 0}
  serializedVersion: 6
  m_Component:
  - component: {fileID: 7852098021213066276}
  - component: {fileID: 5289617433518389898}
  - component: {fileID: 6323941845336829854}
  - component: {fileID: 827412376202060332}
  m_Layer: 8
  m_Name: Modelviewer-2-Sickle
  m_TagString: Untagged
  m_Icon: {fileID: 0}
  m_NavMeshLayer: 0
  m_StaticEditorFlags: 0
  m_IsActive: 1
--- !u!4 &7852098021213066276
Transform:
  m_ObjectHideFlags: 0
  m_CorrespondingSourceObject: {fileID: 0}
  m_PrefabInstance: {fileID: 0}
  m_PrefabAsset: {fileID: 0}
  m_GameObject: {fileID: 7200205568457632454}
  m_LocalRotation: {x: 0, y: 0, z: 0, w: 1}
  m_LocalPosition: {x: 0, y: 0, z: 0}
  m_LocalScale: {x: 1, y: 1, z: 1}
  m_Children:
  - {fileID: 4117278749223488644}
  - {fileID: 5333846909990289563}
  - {fileID: 4296002282435171311}
  m_Father: {fileID: 0}
  m_RootOrder: 0
  m_LocalEulerAnglesHint: {x: 0, y: 0, z: 0}
--- !u!114 &5289617433518389898
MonoBehaviour:
  m_ObjectHideFlags: 0
  m_CorrespondingSourceObject: {fileID: 0}
  m_PrefabInstance: {fileID: 0}
  m_PrefabAsset: {fileID: 0}
  m_GameObject: {fileID: 7200205568457632454}
  m_Enabled: 1
  m_EditorHideFlags: 0
  m_Script: {fileID: -1465209106, guid: c8d0ad23af520fe46aabe2b1fecf6462, type: 3}
  m_Name: 
  m_EditorClassIdentifier: 
  _data:
    _json: '{"declarations":{"collection":{"$content":[],"$version":"A"},"$version":"A"}}'
    _objectReferences: []
--- !u!114 &6323941845336829854
MonoBehaviour:
  m_ObjectHideFlags: 0
  m_CorrespondingSourceObject: {fileID: 0}
  m_PrefabInstance: {fileID: 0}
  m_PrefabAsset: {fileID: 0}
  m_GameObject: {fileID: 7200205568457632454}
  m_Enabled: 1
  m_EditorHideFlags: 0
  m_Script: {fileID: -57143145, guid: a040fb66244a7f54289914d98ea4ef7d, type: 3}
  m_Name: 
  m_EditorClassIdentifier: 
  _data:
    _json: '{"nest":{"source":"Embed","macro":null,"embed":{"variables":{"collection":{"$content":[],"$version":"A"},"$version":"A"},"controlInputDefinitions":[],"controlOutputDefinitions":[],"valueInputDefinitions":[],"valueOutputDefinitions":[],"title":null,"summary":null,"pan":{"x":337.1713,"y":-18.35746},"zoom":1.0,"elements":[{"coroutine":false,"defaultValues":{},"position":{"x":-201.0,"y":-275.0},"guid":"a2efb666-2c05-4a1b-ae09-c0cc994d857d","$version":"A","$type":"Bolt.Start"},{"coroutine":false,"defaultValues":{},"position":{"x":-242.0,"y":59.0},"guid":"58316367-b602-4566-a4da-ef568e4ed956","$version":"A","$type":"Bolt.Update"},{"coroutine":false,"defaultValues":{"name":{"$content":"Click","$type":"System.String"}},"position":{"x":-249.0,"y":-107.0},"guid":"e83a8503-5dc2-4af9-9181-9d52be4e33e2","$version":"A","$type":"Bolt.BoltUnityEvent","$id":"14"},{"argumentCount":0,"defaultValues":{"name":{"$content":"Hide","$type":"System.String"},"target":null},"position":{"x":851.0,"y":-130.0},"guid":"a478aefd-0bab-479e-8556-c44c820a41af","$version":"A","$type":"Bolt.TriggerCustomEvent","$id":"16"},{"member":{"name":"parent","parameterTypes":null,"targetType":"UnityEngine.Transform","targetTypeName":"UnityEngine.Transform","$version":"A"},"defaultValues":{"target":null},"position":{"x":343.0,"y":-18.0},"guid":"dfd768b8-ed60-4055-ba3f-322e3e3125a6","$version":"A","$type":"Bolt.GetMember","$id":"18"},{"member":{"name":"gameObject","parameterTypes":null,"targetType":"UnityEngine.Transform","targetTypeName":"UnityEngine.Transform","$version":"A"},"defaultValues":{"target":null},"position":{"x":669.0,"y":-20.0},"guid":"46de101f-a7f9-443b-976f-dbb9a18bbdb5","$version":"A","$type":"Bolt.GetMember","$id":"21"},{"member":{"name":"parent","parameterTypes":null,"targetType":"UnityEngine.Transform","targetTypeName":"UnityEngine.Transform","$version":"A"},"defaultValues":{"target":null},"position":{"x":511.0,"y":-18.0},"guid":"f22062b0-a65d-4906-b0cd-ad2a34f0fb4a","$version":"A","$type":"Bolt.GetMember","$id":"24"},{"defaultValues":{},"position":{"x":-69.0,"y":-19.0},"guid":"362586ac-aa88-4a88-8ea9-47ccb350e810","$version":"A","$type":"Bolt.Self","$id":"27"},{"chainable":false,"member":{"name":"GetComponent","parameterTypes":["System.Type"],"targetType":"UnityEngine.GameObject","targetTypeName":"UnityEngine.GameObject","$version":"A"},"defaultValues":{"target":null,"%type":{"$content":"UnityEngine.Transform","$type":"System.RuntimeType"}},"position":{"x":53.0,"y":-105.0},"guid":"7bbaade5-a8a8-42eb-8091-3cfd07a85478","$version":"A","$type":"Bolt.InvokeMember","$id":"29"},{"sourceUnit":{"$ref":"14"},"sourceKey":"trigger","destinationUnit":{"$ref":"29"},"destinationKey":"enter","guid":"a8b288d5-5265-4168-8882-3c485f82bf27","$type":"Bolt.ControlConnection"},{"sourceUnit":{"$ref":"29"},"sourceKey":"exit","destinationUnit":{"$ref":"16"},"destinationKey":"enter","guid":"fb023b51-fc5b-4545-819c-cd7e83db9a92","$type":"Bolt.ControlConnection"},{"sourceUnit":{"$ref":"21"},"sourceKey":"value","destinationUnit":{"$ref":"16"},"destinationKey":"target","guid":"05647d49-bcb1-406c-816d-861dc642fdc3","$type":"Bolt.ValueConnection"},{"sourceUnit":{"$ref":"18"},"sourceKey":"value","destinationUnit":{"$ref":"24"},"destinationKey":"target","guid":"92d17285-827a-45d7-b254-877e3e380892","$type":"Bolt.ValueConnection"},{"sourceUnit":{"$ref":"24"},"sourceKey":"value","destinationUnit":{"$ref":"21"},"destinationKey":"target","guid":"d036069c-dc03-4fad-be3b-10bf20fc0cac","$type":"Bolt.ValueConnection"},{"sourceUnit":{"$ref":"27"},"sourceKey":"self","destinationUnit":{"$ref":"29"},"destinationKey":"target","guid":"bb4a3c3c-fe43-4deb-9c1c-bcb59bbc3367","$type":"Bolt.ValueConnection"},{"sourceUnit":{"$ref":"29"},"sourceKey":"result","destinationUnit":{"$ref":"18"},"destinationKey":"target","guid":"577fcc38-984c-4518-a482-e365761b3411","$type":"Bolt.ValueConnection"}],"$version":"A"}}}'
    _objectReferences: []
--- !u!82 &827412376202060332
AudioSource:
  m_ObjectHideFlags: 0
  m_CorrespondingSourceObject: {fileID: 0}
  m_PrefabInstance: {fileID: 0}
  m_PrefabAsset: {fileID: 0}
  m_GameObject: {fileID: 7200205568457632454}
  m_Enabled: 1
  serializedVersion: 4
  OutputAudioMixerGroup: {fileID: 5996936186356859245, guid: 0b3adab41844a584cab06e488311253f, type: 2}
  m_audioClip: {fileID: 8300000, guid: 8b38f3a88219d9e4da3dc37ae6efeffa, type: 3}
  m_PlayOnAwake: 1
  m_Volume: 1
  m_Pitch: 1
  Loop: 0
  Mute: 0
  Spatialize: 0
  SpatializePostEffects: 0
  Priority: 128
  DopplerLevel: 1
  MinDistance: 1
  MaxDistance: 500
  Pan2D: 0
  rolloffMode: 0
  BypassEffects: 0
  BypassListenerEffects: 0
  BypassReverbZones: 0
  rolloffCustomCurve:
    serializedVersion: 2
    m_Curve:
    - serializedVersion: 3
      time: 0
      value: 1
      inSlope: 0
      outSlope: 0
      tangentMode: 0
      weightedMode: 0
      inWeight: 0.33333334
      outWeight: 0.33333334
    - serializedVersion: 3
      time: 1
      value: 0
      inSlope: 0
      outSlope: 0
      tangentMode: 0
      weightedMode: 0
      inWeight: 0.33333334
      outWeight: 0.33333334
    m_PreInfinity: 2
    m_PostInfinity: 2
    m_RotationOrder: 4
  panLevelCustomCurve:
    serializedVersion: 2
    m_Curve:
    - serializedVersion: 3
      time: 0
      value: 0
      inSlope: 0
      outSlope: 0
      tangentMode: 0
      weightedMode: 0
      inWeight: 0.33333334
      outWeight: 0.33333334
    m_PreInfinity: 2
    m_PostInfinity: 2
    m_RotationOrder: 4
  spreadCustomCurve:
    serializedVersion: 2
    m_Curve:
    - serializedVersion: 3
      time: 0
      value: 0
      inSlope: 0
      outSlope: 0
      tangentMode: 0
      weightedMode: 0
      inWeight: 0.33333334
      outWeight: 0.33333334
    m_PreInfinity: 2
    m_PostInfinity: 2
    m_RotationOrder: 4
  reverbZoneMixCustomCurve:
    serializedVersion: 2
    m_Curve:
    - serializedVersion: 3
      time: 0
      value: 1
      inSlope: 0
      outSlope: 0
      tangentMode: 0
      weightedMode: 0
      inWeight: 0.33333334
      outWeight: 0.33333334
    m_PreInfinity: 2
    m_PostInfinity: 2
    m_RotationOrder: 4
--- !u!1001 &2573928082615944516
PrefabInstance:
  m_ObjectHideFlags: 0
  serializedVersion: 2
  m_Modification:
    m_TransformParent: {fileID: 4296002282435171311}
    m_Modifications:
    - target: {fileID: 3957180531280369682, guid: 0b0e65ade75e81d489efb47eef3e68e1, type: 3}
      propertyPath: m_RootOrder
      value: 0
      objectReference: {fileID: 0}
    - target: {fileID: 3957180531280369682, guid: 0b0e65ade75e81d489efb47eef3e68e1, type: 3}
      propertyPath: m_LocalPosition.x
      value: 0.0006049862
      objectReference: {fileID: 0}
    - target: {fileID: 3957180531280369682, guid: 0b0e65ade75e81d489efb47eef3e68e1, type: 3}
      propertyPath: m_LocalPosition.y
      value: 0.000020541547
      objectReference: {fileID: 0}
    - target: {fileID: 3957180531280369682, guid: 0b0e65ade75e81d489efb47eef3e68e1, type: 3}
      propertyPath: m_LocalPosition.z
      value: 0.00015122167
      objectReference: {fileID: 0}
    - target: {fileID: 4440947353469223592, guid: 0b0e65ade75e81d489efb47eef3e68e1, type: 3}
      propertyPath: m_Name
      value: Sickle
      objectReference: {fileID: 0}
    m_RemovedComponents: []
  m_SourcePrefab: {fileID: 100100000, guid: 0b0e65ade75e81d489efb47eef3e68e1, type: 3}
--- !u!4 &1536527153275280726 stripped
Transform:
  m_CorrespondingSourceObject: {fileID: 3957180531280369682, guid: 0b0e65ade75e81d489efb47eef3e68e1, type: 3}
  m_PrefabInstance: {fileID: 2573928082615944516}
  m_PrefabAsset: {fileID: 0}
--- !u!1001 &3414430463992520740
PrefabInstance:
  m_ObjectHideFlags: 0
  serializedVersion: 2
  m_Modification:
    m_TransformParent: {fileID: 7852098021213066276}
    m_Modifications:
    - target: {fileID: 1603841530746956960, guid: 760f9081ec9bea944bb1a54cb997d538, type: 3}
      propertyPath: m_Pivot.x
      value: 0
      objectReference: {fileID: 0}
    - target: {fileID: 1603841530746956960, guid: 760f9081ec9bea944bb1a54cb997d538, type: 3}
      propertyPath: m_Pivot.y
      value: 0
      objectReference: {fileID: 0}
    - target: {fileID: 1603841530746956960, guid: 760f9081ec9bea944bb1a54cb997d538, type: 3}
      propertyPath: m_RootOrder
      value: 0
      objectReference: {fileID: 0}
    - target: {fileID: 1603841530746956960, guid: 760f9081ec9bea944bb1a54cb997d538, type: 3}
      propertyPath: m_AnchorMax.x
      value: 0
      objectReference: {fileID: 0}
    - target: {fileID: 1603841530746956960, guid: 760f9081ec9bea944bb1a54cb997d538, type: 3}
      propertyPath: m_AnchorMax.y
      value: 0
      objectReference: {fileID: 0}
    - target: {fileID: 1603841530746956960, guid: 760f9081ec9bea944bb1a54cb997d538, type: 3}
      propertyPath: m_AnchorMin.x
      value: 0
      objectReference: {fileID: 0}
    - target: {fileID: 1603841530746956960, guid: 760f9081ec9bea944bb1a54cb997d538, type: 3}
      propertyPath: m_AnchorMin.y
      value: 0
      objectReference: {fileID: 0}
    - target: {fileID: 1603841530746956960, guid: 760f9081ec9bea944bb1a54cb997d538, type: 3}
      propertyPath: m_SizeDelta.x
      value: 0
      objectReference: {fileID: 0}
    - target: {fileID: 1603841530746956960, guid: 760f9081ec9bea944bb1a54cb997d538, type: 3}
      propertyPath: m_SizeDelta.y
      value: 0
      objectReference: {fileID: 0}
    - target: {fileID: 1603841530746956960, guid: 760f9081ec9bea944bb1a54cb997d538, type: 3}
      propertyPath: m_LocalPosition.x
      value: 0
      objectReference: {fileID: 0}
    - target: {fileID: 1603841530746956960, guid: 760f9081ec9bea944bb1a54cb997d538, type: 3}
      propertyPath: m_LocalPosition.y
      value: 0
      objectReference: {fileID: 0}
    - target: {fileID: 1603841530746956960, guid: 760f9081ec9bea944bb1a54cb997d538, type: 3}
      propertyPath: m_LocalPosition.z
      value: 0
      objectReference: {fileID: 0}
    - target: {fileID: 1603841530746956960, guid: 760f9081ec9bea944bb1a54cb997d538, type: 3}
      propertyPath: m_LocalRotation.w
      value: 1
      objectReference: {fileID: 0}
    - target: {fileID: 1603841530746956960, guid: 760f9081ec9bea944bb1a54cb997d538, type: 3}
      propertyPath: m_LocalRotation.x
      value: 0
      objectReference: {fileID: 0}
    - target: {fileID: 1603841530746956960, guid: 760f9081ec9bea944bb1a54cb997d538, type: 3}
      propertyPath: m_LocalRotation.y
      value: 0
      objectReference: {fileID: 0}
    - target: {fileID: 1603841530746956960, guid: 760f9081ec9bea944bb1a54cb997d538, type: 3}
      propertyPath: m_LocalRotation.z
      value: 0
      objectReference: {fileID: 0}
    - target: {fileID: 1603841530746956960, guid: 760f9081ec9bea944bb1a54cb997d538, type: 3}
      propertyPath: m_AnchoredPosition.x
      value: 0
      objectReference: {fileID: 0}
    - target: {fileID: 1603841530746956960, guid: 760f9081ec9bea944bb1a54cb997d538, type: 3}
      propertyPath: m_AnchoredPosition.y
      value: 0
      objectReference: {fileID: 0}
    - target: {fileID: 1603841530746956960, guid: 760f9081ec9bea944bb1a54cb997d538, type: 3}
      propertyPath: m_LocalEulerAnglesHint.x
      value: 0
      objectReference: {fileID: 0}
    - target: {fileID: 1603841530746956960, guid: 760f9081ec9bea944bb1a54cb997d538, type: 3}
      propertyPath: m_LocalEulerAnglesHint.y
      value: 0
      objectReference: {fileID: 0}
    - target: {fileID: 1603841530746956960, guid: 760f9081ec9bea944bb1a54cb997d538, type: 3}
      propertyPath: m_LocalEulerAnglesHint.z
      value: 0
      objectReference: {fileID: 0}
    - target: {fileID: 1603841530746956972, guid: 760f9081ec9bea944bb1a54cb997d538, type: 3}
      propertyPath: m_Name
      value: Dialogue_GUI
      objectReference: {fileID: 0}
    - target: {fileID: 3186623118706510277, guid: 760f9081ec9bea944bb1a54cb997d538, type: 3}
      propertyPath: m_SizeDelta.y
      value: 0
      objectReference: {fileID: 0}
    - target: {fileID: 4494807827692425400, guid: 760f9081ec9bea944bb1a54cb997d538, type: 3}
      propertyPath: m_AnchorMax.y
      value: 0
      objectReference: {fileID: 0}
    - target: {fileID: 4494807827692425400, guid: 760f9081ec9bea944bb1a54cb997d538, type: 3}
      propertyPath: m_AnchorMin.y
      value: 0
      objectReference: {fileID: 0}
    - target: {fileID: 4494807827692425400, guid: 760f9081ec9bea944bb1a54cb997d538, type: 3}
      propertyPath: m_SizeDelta.x
      value: 0
      objectReference: {fileID: 0}
    - target: {fileID: 4494807827692425400, guid: 760f9081ec9bea944bb1a54cb997d538, type: 3}
      propertyPath: m_AnchoredPosition.x
      value: 0
      objectReference: {fileID: 0}
    - target: {fileID: 4494807827692425400, guid: 760f9081ec9bea944bb1a54cb997d538, type: 3}
      propertyPath: m_AnchoredPosition.y
      value: 0
      objectReference: {fileID: 0}
    - target: {fileID: 7863358984429736464, guid: 760f9081ec9bea944bb1a54cb997d538, type: 3}
      propertyPath: onDialogueEnd.m_PersistentCalls.m_Calls.Array.size
      value: 1
      objectReference: {fileID: 0}
    - target: {fileID: 7863358984429736464, guid: 760f9081ec9bea944bb1a54cb997d538, type: 3}
      propertyPath: onDialogueEnd.m_PersistentCalls.m_Calls.Array.data[0].m_Mode
      value: 5
      objectReference: {fileID: 0}
    - target: {fileID: 7863358984429736464, guid: 760f9081ec9bea944bb1a54cb997d538, type: 3}
      propertyPath: onDialogueEnd.m_PersistentCalls.m_Calls.Array.data[0].m_Target
      value: 
      objectReference: {fileID: 6323941845336829854}
    - target: {fileID: 7863358984429736464, guid: 760f9081ec9bea944bb1a54cb997d538, type: 3}
      propertyPath: onDialogueEnd.m_PersistentCalls.m_Calls.Array.data[0].m_MethodName
      value: TriggerUnityEvent
      objectReference: {fileID: 0}
    - target: {fileID: 7863358984429736464, guid: 760f9081ec9bea944bb1a54cb997d538, type: 3}
      propertyPath: onDialogueEnd.m_PersistentCalls.m_Calls.Array.data[0].m_TargetAssemblyTypeName
      value: Bolt.EventMachine`2[[Bolt.FlowGraph, Bolt.Flow.Runtime
      objectReference: {fileID: 0}
    - target: {fileID: 7863358984429736464, guid: 760f9081ec9bea944bb1a54cb997d538, type: 3}
      propertyPath: onDialogueEnd.m_PersistentCalls.m_Calls.Array.data[0].m_Arguments.m_StringArgument
      value: Click
      objectReference: {fileID: 0}
    - target: {fileID: 7863358984429736465, guid: 760f9081ec9bea944bb1a54cb997d538, type: 3}
      propertyPath: yarnScripts.Array.data[0]
      value: 
      objectReference: {fileID: 2480198943629176163, guid: d12c0f2f6379a9d408805911a4431c52, type: 3}
    - target: {fileID: 8319645416599997902, guid: 760f9081ec9bea944bb1a54cb997d538, type: 3}
      propertyPath: m_AnchorMax.y
      value: 0
      objectReference: {fileID: 0}
    - target: {fileID: 8319645416599997902, guid: 760f9081ec9bea944bb1a54cb997d538, type: 3}
      propertyPath: m_AnchorMin.y
      value: 0
      objectReference: {fileID: 0}
    - target: {fileID: 8319645416599997902, guid: 760f9081ec9bea944bb1a54cb997d538, type: 3}
      propertyPath: m_SizeDelta.x
      value: 0
      objectReference: {fileID: 0}
    - target: {fileID: 8319645416599997902, guid: 760f9081ec9bea944bb1a54cb997d538, type: 3}
      propertyPath: m_AnchoredPosition.x
      value: 0
      objectReference: {fileID: 0}
    - target: {fileID: 8319645416599997902, guid: 760f9081ec9bea944bb1a54cb997d538, type: 3}
      propertyPath: m_AnchoredPosition.y
      value: 0
      objectReference: {fileID: 0}
    - target: {fileID: 8319645417373181207, guid: 760f9081ec9bea944bb1a54cb997d538, type: 3}
      propertyPath: m_AnchorMax.y
      value: 0
      objectReference: {fileID: 0}
    - target: {fileID: 8319645417373181207, guid: 760f9081ec9bea944bb1a54cb997d538, type: 3}
      propertyPath: m_AnchorMin.y
      value: 0
      objectReference: {fileID: 0}
    - target: {fileID: 8319645417373181207, guid: 760f9081ec9bea944bb1a54cb997d538, type: 3}
      propertyPath: m_SizeDelta.x
      value: 0
      objectReference: {fileID: 0}
    - target: {fileID: 8319645417373181207, guid: 760f9081ec9bea944bb1a54cb997d538, type: 3}
      propertyPath: m_AnchoredPosition.x
      value: 0
      objectReference: {fileID: 0}
    - target: {fileID: 8319645417373181207, guid: 760f9081ec9bea944bb1a54cb997d538, type: 3}
      propertyPath: m_AnchoredPosition.y
      value: 0
      objectReference: {fileID: 0}
    m_RemovedComponents: []
  m_SourcePrefab: {fileID: 100100000, guid: 760f9081ec9bea944bb1a54cb997d538, type: 3}
--- !u!224 &4117278749223488644 stripped
RectTransform:
  m_CorrespondingSourceObject: {fileID: 1603841530746956960, guid: 760f9081ec9bea944bb1a54cb997d538, type: 3}
  m_PrefabInstance: {fileID: 3414430463992520740}
  m_PrefabAsset: {fileID: 0}
