%YAML 1.1
%TAG !u! tag:unity3d.com,2011:
--- !u!1 &416038927908233245
GameObject:
  m_ObjectHideFlags: 0
  m_CorrespondingSourceObject: {fileID: 0}
  m_PrefabInstance: {fileID: 0}
  m_PrefabAsset: {fileID: 0}
  serializedVersion: 6
  m_Component:
  - component: {fileID: 4051358419429602617}
  - component: {fileID: 4762976066397559209}
  - component: {fileID: 5553956723048558800}
  m_Layer: 8
  m_Name: Dialogue (1)
  m_TagString: Untagged
  m_Icon: {fileID: 0}
  m_NavMeshLayer: 0
  m_StaticEditorFlags: 0
  m_IsActive: 1
--- !u!224 &4051358419429602617
RectTransform:
  m_ObjectHideFlags: 0
  m_CorrespondingSourceObject: {fileID: 0}
  m_PrefabInstance: {fileID: 0}
  m_PrefabAsset: {fileID: 0}
  m_GameObject: {fileID: 416038927908233245}
  m_LocalRotation: {x: -0, y: -0, z: -0, w: 1}
  m_LocalPosition: {x: 0, y: 0, z: 0}
  m_LocalScale: {x: 1, y: 1, z: 1}
  m_Children:
  - {fileID: 4781561425939401059}
  - {fileID: 1222471447705023054}
  m_Father: {fileID: 3951403625251964067}
  m_RootOrder: 1
  m_LocalEulerAnglesHint: {x: 0, y: 0, z: 0}
  m_AnchorMin: {x: 0, y: 0}
  m_AnchorMax: {x: 1, y: 0}
  m_AnchoredPosition: {x: 247.09961, y: 169.09961}
  m_SizeDelta: {x: -610.9398, y: 265.07465}
  m_Pivot: {x: 0.5, y: 0.5}
--- !u!222 &4762976066397559209
CanvasRenderer:
  m_ObjectHideFlags: 0
  m_CorrespondingSourceObject: {fileID: 0}
  m_PrefabInstance: {fileID: 0}
  m_PrefabAsset: {fileID: 0}
  m_GameObject: {fileID: 416038927908233245}
  m_CullTransparentMesh: 0
--- !u!114 &5553956723048558800
MonoBehaviour:
  m_ObjectHideFlags: 0
  m_CorrespondingSourceObject: {fileID: 0}
  m_PrefabInstance: {fileID: 0}
  m_PrefabAsset: {fileID: 0}
  m_GameObject: {fileID: 416038927908233245}
  m_Enabled: 1
  m_EditorHideFlags: 0
  m_Script: {fileID: 11500000, guid: fe87c0e1cc204ed48ad3b37840f39efc, type: 3}
  m_Name: 
  m_EditorClassIdentifier: 
  m_Material: {fileID: 0}
  m_Color: {r: 0.5, g: 0.4375245, b: 0.4033019, a: 1}
  m_RaycastTarget: 1
  m_RaycastPadding: {x: 0, y: 0, z: 0, w: 0}
  m_Maskable: 1
  m_OnCullStateChanged:
    m_PersistentCalls:
      m_Calls: []
  m_Sprite: {fileID: 21300000, guid: 6d4f9c5f1a3536448b58fa0ba3d61279, type: 3}
  m_Type: 0
  m_PreserveAspect: 0
  m_FillCenter: 1
  m_FillMethod: 4
  m_FillAmount: 1
  m_FillClockwise: 1
  m_FillOrigin: 0
  m_UseSpriteMesh: 0
  m_PixelsPerUnitMultiplier: 1
--- !u!1 &1183007470294298244
GameObject:
  m_ObjectHideFlags: 0
  m_CorrespondingSourceObject: {fileID: 0}
  m_PrefabInstance: {fileID: 0}
  m_PrefabAsset: {fileID: 0}
  serializedVersion: 6
  m_Component:
  - component: {fileID: 6874128797699033638}
  - component: {fileID: 4654464819109777359}
  - component: {fileID: 4899439388365709065}
  m_Layer: 8
  m_Name: Arrow
  m_TagString: Untagged
  m_Icon: {fileID: 0}
  m_NavMeshLayer: 0
  m_StaticEditorFlags: 0
  m_IsActive: 1
--- !u!224 &6874128797699033638
RectTransform:
  m_ObjectHideFlags: 0
  m_CorrespondingSourceObject: {fileID: 0}
  m_PrefabInstance: {fileID: 0}
  m_PrefabAsset: {fileID: 0}
  m_GameObject: {fileID: 1183007470294298244}
  m_LocalRotation: {x: -0, y: -0, z: 0.38268283, w: 0.9238798}
  m_LocalPosition: {x: 0, y: 0, z: 0}
  m_LocalScale: {x: 1, y: 1, z: 1}
  m_Children: []
  m_Father: {fileID: 4781561425939401059}
  m_RootOrder: 0
  m_LocalEulerAnglesHint: {x: 0, y: 0, z: 45}
  m_AnchorMin: {x: 0.5, y: 0.5}
  m_AnchorMax: {x: 0.5, y: 0.5}
  m_AnchoredPosition: {x: 0, y: 0}
  m_SizeDelta: {x: 100, y: 100}
  m_Pivot: {x: 0.5, y: 0.5}
--- !u!222 &4654464819109777359
CanvasRenderer:
  m_ObjectHideFlags: 0
  m_CorrespondingSourceObject: {fileID: 0}
  m_PrefabInstance: {fileID: 0}
  m_PrefabAsset: {fileID: 0}
  m_GameObject: {fileID: 1183007470294298244}
  m_CullTransparentMesh: 0
--- !u!114 &4899439388365709065
MonoBehaviour:
  m_ObjectHideFlags: 0
  m_CorrespondingSourceObject: {fileID: 0}
  m_PrefabInstance: {fileID: 0}
  m_PrefabAsset: {fileID: 0}
  m_GameObject: {fileID: 1183007470294298244}
  m_Enabled: 1
  m_EditorHideFlags: 0
  m_Script: {fileID: 11500000, guid: fe87c0e1cc204ed48ad3b37840f39efc, type: 3}
  m_Name: 
  m_EditorClassIdentifier: 
  m_Material: {fileID: 0}
  m_Color: {r: 0.5, g: 0.4375245, b: 0.4033019, a: 1}
  m_RaycastTarget: 1
  m_RaycastPadding: {x: 0, y: 0, z: 0, w: 0}
  m_Maskable: 1
  m_OnCullStateChanged:
    m_PersistentCalls:
      m_Calls: []
  m_Sprite: {fileID: 21300000, guid: 6d4f9c5f1a3536448b58fa0ba3d61279, type: 3}
  m_Type: 0
  m_PreserveAspect: 0
  m_FillCenter: 1
  m_FillMethod: 4
  m_FillAmount: 1
  m_FillClockwise: 1
  m_FillOrigin: 0
  m_UseSpriteMesh: 0
  m_PixelsPerUnitMultiplier: 1
--- !u!1 &2702945951564977944
GameObject:
  m_ObjectHideFlags: 0
  m_CorrespondingSourceObject: {fileID: 0}
  m_PrefabInstance: {fileID: 0}
  m_PrefabAsset: {fileID: 0}
  serializedVersion: 6
  m_Component:
  - component: {fileID: 5392766372036879450}
  - component: {fileID: 5370281428110751838}
  - component: {fileID: 9215245677261952588}
  m_Layer: 8
  m_Name: FrontArm
  m_TagString: Untagged
  m_Icon: {fileID: 0}
  m_NavMeshLayer: 0
  m_StaticEditorFlags: 0
  m_IsActive: 1
--- !u!224 &5392766372036879450
RectTransform:
  m_ObjectHideFlags: 0
  m_CorrespondingSourceObject: {fileID: 0}
  m_PrefabInstance: {fileID: 0}
  m_PrefabAsset: {fileID: 0}
  m_GameObject: {fileID: 2702945951564977944}
  m_LocalRotation: {x: 0, y: 0, z: 0, w: 1}
  m_LocalPosition: {x: 0, y: 0, z: 0}
  m_LocalScale: {x: 1, y: 1, z: 1}
  m_Children: []
  m_Father: {fileID: 8571649419587589444}
  m_RootOrder: 3
  m_LocalEulerAnglesHint: {x: 0, y: 0, z: 0}
  m_AnchorMin: {x: 0.5, y: 0.5}
  m_AnchorMax: {x: 0.5, y: 0.5}
  m_AnchoredPosition: {x: -48.5, y: 62.1}
  m_SizeDelta: {x: 76, y: 221}
  m_Pivot: {x: 0.42, y: 0.97}
--- !u!222 &5370281428110751838
CanvasRenderer:
  m_ObjectHideFlags: 0
  m_CorrespondingSourceObject: {fileID: 0}
  m_PrefabInstance: {fileID: 0}
  m_PrefabAsset: {fileID: 0}
  m_GameObject: {fileID: 2702945951564977944}
  m_CullTransparentMesh: 0
--- !u!114 &9215245677261952588
MonoBehaviour:
  m_ObjectHideFlags: 0
  m_CorrespondingSourceObject: {fileID: 0}
  m_PrefabInstance: {fileID: 0}
  m_PrefabAsset: {fileID: 0}
  m_GameObject: {fileID: 2702945951564977944}
  m_Enabled: 1
  m_EditorHideFlags: 0
  m_Script: {fileID: 11500000, guid: fe87c0e1cc204ed48ad3b37840f39efc, type: 3}
  m_Name: 
  m_EditorClassIdentifier: 
  m_Material: {fileID: 0}
  m_Color: {r: 1, g: 1, b: 1, a: 1}
  m_RaycastTarget: 1
  m_RaycastPadding: {x: 0, y: 0, z: 0, w: 0}
  m_Maskable: 1
  m_OnCullStateChanged:
    m_PersistentCalls:
      m_Calls: []
  m_Sprite: {fileID: -2898641198785390935, guid: b9dfe3dc5556df449bd0ec2e6fadf986, type: 3}
  m_Type: 0
  m_PreserveAspect: 0
  m_FillCenter: 1
  m_FillMethod: 4
  m_FillAmount: 1
  m_FillClockwise: 1
  m_FillOrigin: 0
  m_UseSpriteMesh: 0
  m_PixelsPerUnitMultiplier: 1
--- !u!1 &3001747689488093779
GameObject:
  m_ObjectHideFlags: 0
  m_CorrespondingSourceObject: {fileID: 0}
  m_PrefabInstance: {fileID: 0}
  m_PrefabAsset: {fileID: 0}
  serializedVersion: 6
  m_Component:
  - component: {fileID: 1222471447705023054}
  - component: {fileID: 8001840907927876433}
  - component: {fileID: 3053397937814327224}
  m_Layer: 8
  m_Name: Text
  m_TagString: Untagged
  m_Icon: {fileID: 0}
  m_NavMeshLayer: 0
  m_StaticEditorFlags: 0
  m_IsActive: 1
--- !u!224 &1222471447705023054
RectTransform:
  m_ObjectHideFlags: 0
  m_CorrespondingSourceObject: {fileID: 0}
  m_PrefabInstance: {fileID: 0}
  m_PrefabAsset: {fileID: 0}
  m_GameObject: {fileID: 3001747689488093779}
  m_LocalRotation: {x: 0, y: 0, z: 0, w: 1}
  m_LocalPosition: {x: 0, y: 0, z: 0}
  m_LocalScale: {x: 1, y: 1, z: 1}
  m_Children: []
  m_Father: {fileID: 4051358419429602617}
  m_RootOrder: 1
  m_LocalEulerAnglesHint: {x: 0, y: 0, z: 0}
  m_AnchorMin: {x: 0, y: 0}
  m_AnchorMax: {x: 1, y: 1}
  m_AnchoredPosition: {x: 0, y: -10}
  m_SizeDelta: {x: -20, y: -20}
  m_Pivot: {x: 0.5, y: 1}
--- !u!222 &8001840907927876433
CanvasRenderer:
  m_ObjectHideFlags: 0
  m_CorrespondingSourceObject: {fileID: 0}
  m_PrefabInstance: {fileID: 0}
  m_PrefabAsset: {fileID: 0}
  m_GameObject: {fileID: 3001747689488093779}
  m_CullTransparentMesh: 0
--- !u!114 &3053397937814327224
MonoBehaviour:
  m_ObjectHideFlags: 0
  m_CorrespondingSourceObject: {fileID: 0}
  m_PrefabInstance: {fileID: 0}
  m_PrefabAsset: {fileID: 0}
  m_GameObject: {fileID: 3001747689488093779}
  m_Enabled: 1
  m_EditorHideFlags: 0
  m_Script: {fileID: 11500000, guid: 5f7201a12d95ffc409449d95f23cf332, type: 3}
  m_Name: 
  m_EditorClassIdentifier: 
  m_Material: {fileID: 0}
  m_Color: {r: 0, g: 0, b: 0, a: 1}
  m_RaycastTarget: 1
  m_RaycastPadding: {x: 0, y: 0, z: 0, w: 0}
  m_Maskable: 1
  m_OnCullStateChanged:
    m_PersistentCalls:
      m_Calls: []
  m_FontData:
    m_Font: {fileID: 10102, guid: 0000000000000000e000000000000000, type: 0}
    m_FontSize: 51
    m_FontStyle: 1
    m_BestFit: 0
    m_MinSize: 10
    m_MaxSize: 71
    m_Alignment: 0
    m_AlignByGeometry: 0
    m_RichText: 1
    m_HorizontalOverflow: 0
    m_VerticalOverflow: 0
    m_LineSpacing: 1
  m_Text: "Oi, se her da!\nHer bodde jeg lenge siden... du vet, f\xF8r jeg d\xF8de.\nF\xF8r
    alt ble m\xF8rkt og kaldt, da jeg fortsatt hadde en puls, og kunne l\xF8pe fritt
    i skogen. N\xE5 er jeg bare kald."
--- !u!1 &3301510143872766274
GameObject:
  m_ObjectHideFlags: 0
  m_CorrespondingSourceObject: {fileID: 0}
  m_PrefabInstance: {fileID: 0}
  m_PrefabAsset: {fileID: 0}
  serializedVersion: 6
  m_Component:
  - component: {fileID: 4296002282435171311}
  m_Layer: 8
  m_Name: root
  m_TagString: Untagged
  m_Icon: {fileID: 0}
  m_NavMeshLayer: 0
  m_StaticEditorFlags: 0
  m_IsActive: 1
--- !u!4 &4296002282435171311
Transform:
  m_ObjectHideFlags: 0
  m_CorrespondingSourceObject: {fileID: 0}
  m_PrefabInstance: {fileID: 0}
  m_PrefabAsset: {fileID: 0}
  m_GameObject: {fileID: 3301510143872766274}
  m_LocalRotation: {x: 0, y: 0, z: 0, w: 1}
  m_LocalPosition: {x: 0, y: 0, z: 0}
  m_LocalScale: {x: 1, y: 1, z: 1}
  m_Children:
  - {fileID: 4030233481654314704}
  m_Father: {fileID: 7852098021213066276}
  m_RootOrder: 3
  m_LocalEulerAnglesHint: {x: 0, y: 0, z: 0}
--- !u!1 &3371177194547595949
GameObject:
  m_ObjectHideFlags: 0
  m_CorrespondingSourceObject: {fileID: 0}
  m_PrefabInstance: {fileID: 0}
  m_PrefabAsset: {fileID: 0}
  serializedVersion: 6
  m_Component:
  - component: {fileID: 4781561425939401059}
  m_Layer: 8
  m_Name: Arrow
  m_TagString: Untagged
  m_Icon: {fileID: 0}
  m_NavMeshLayer: 0
  m_StaticEditorFlags: 0
  m_IsActive: 1
--- !u!224 &4781561425939401059
RectTransform:
  m_ObjectHideFlags: 0
  m_CorrespondingSourceObject: {fileID: 0}
  m_PrefabInstance: {fileID: 0}
  m_PrefabAsset: {fileID: 0}
  m_GameObject: {fileID: 3371177194547595949}
  m_LocalRotation: {x: -0, y: -0, z: -0.9368194, w: 0.3498136}
  m_LocalPosition: {x: 0, y: 0, z: 0}
  m_LocalScale: {x: 1, y: 3.8682134, z: 1}
  m_Children:
  - {fileID: 6874128797699033638}
  m_Father: {fileID: 4051358419429602617}
  m_RootOrder: 0
  m_LocalEulerAnglesHint: {x: 0, y: 0, z: -139.048}
  m_AnchorMin: {x: 0.5, y: 0.5}
  m_AnchorMax: {x: 0.5, y: 0.5}
  m_AnchoredPosition: {x: -476, y: 74}
  m_SizeDelta: {x: 100, y: 100}
  m_Pivot: {x: 0.5, y: 0.5}
--- !u!1 &3644470550885361146
GameObject:
  m_ObjectHideFlags: 0
  m_CorrespondingSourceObject: {fileID: 0}
  m_PrefabInstance: {fileID: 0}
  m_PrefabAsset: {fileID: 0}
  serializedVersion: 6
  m_Component:
  - component: {fileID: 3916098528119718007}
  - component: {fileID: 5092332156766945031}
  - component: {fileID: 3673300886888518561}
  - component: {fileID: 5685543079346096594}
  m_Layer: 8
  m_Name: Button (2)
  m_TagString: Untagged
  m_Icon: {fileID: 0}
  m_NavMeshLayer: 0
  m_StaticEditorFlags: 0
  m_IsActive: 1
--- !u!224 &3916098528119718007
RectTransform:
  m_ObjectHideFlags: 0
  m_CorrespondingSourceObject: {fileID: 0}
  m_PrefabInstance: {fileID: 0}
  m_PrefabAsset: {fileID: 0}
  m_GameObject: {fileID: 3644470550885361146}
  m_LocalRotation: {x: -0, y: -0, z: -0, w: 1}
  m_LocalPosition: {x: 0, y: 0, z: 0}
  m_LocalScale: {x: 1, y: 1, z: 1}
  m_Children: []
  m_Father: {fileID: 3951403625251964067}
  m_RootOrder: 3
  m_LocalEulerAnglesHint: {x: 0, y: 0, z: 0}
  m_AnchorMin: {x: 1, y: 0}
  m_AnchorMax: {x: 1, y: 0}
  m_AnchoredPosition: {x: -148, y: 119}
  m_SizeDelta: {x: 160, y: 160}
  m_Pivot: {x: 0.5, y: 0.5}
--- !u!222 &5092332156766945031
CanvasRenderer:
  m_ObjectHideFlags: 0
  m_CorrespondingSourceObject: {fileID: 0}
  m_PrefabInstance: {fileID: 0}
  m_PrefabAsset: {fileID: 0}
  m_GameObject: {fileID: 3644470550885361146}
  m_CullTransparentMesh: 0
--- !u!114 &3673300886888518561
MonoBehaviour:
  m_ObjectHideFlags: 0
  m_CorrespondingSourceObject: {fileID: 0}
  m_PrefabInstance: {fileID: 0}
  m_PrefabAsset: {fileID: 0}
  m_GameObject: {fileID: 3644470550885361146}
  m_Enabled: 1
  m_EditorHideFlags: 0
  m_Script: {fileID: 11500000, guid: fe87c0e1cc204ed48ad3b37840f39efc, type: 3}
  m_Name: 
  m_EditorClassIdentifier: 
  m_Material: {fileID: 0}
  m_Color: {r: 1, g: 1, b: 1, a: 1}
  m_RaycastTarget: 1
  m_RaycastPadding: {x: 0, y: 0, z: 0, w: 0}
  m_Maskable: 1
  m_OnCullStateChanged:
    m_PersistentCalls:
      m_Calls: []
  m_Sprite: {fileID: 21300000, guid: 631c4e5a9ae0d442588cb1aac69fb23b, type: 3}
  m_Type: 0
  m_PreserveAspect: 0
  m_FillCenter: 1
  m_FillMethod: 4
  m_FillAmount: 1
  m_FillClockwise: 1
  m_FillOrigin: 0
  m_UseSpriteMesh: 0
  m_PixelsPerUnitMultiplier: 1
--- !u!114 &5685543079346096594
MonoBehaviour:
  m_ObjectHideFlags: 0
  m_CorrespondingSourceObject: {fileID: 0}
  m_PrefabInstance: {fileID: 0}
  m_PrefabAsset: {fileID: 0}
  m_GameObject: {fileID: 3644470550885361146}
  m_Enabled: 1
  m_EditorHideFlags: 0
  m_Script: {fileID: 11500000, guid: 4e29b1a8efbd4b44bb3f3716e73f07ff, type: 3}
  m_Name: 
  m_EditorClassIdentifier: 
  m_Navigation:
    m_Mode: 3
    m_WrapAround: 0
    m_SelectOnUp: {fileID: 0}
    m_SelectOnDown: {fileID: 0}
    m_SelectOnLeft: {fileID: 0}
    m_SelectOnRight: {fileID: 0}
  m_Transition: 1
  m_Colors:
    m_NormalColor: {r: 1, g: 1, b: 1, a: 1}
    m_HighlightedColor: {r: 0.9607843, g: 0.9607843, b: 0.9607843, a: 1}
    m_PressedColor: {r: 0.78431374, g: 0.78431374, b: 0.78431374, a: 1}
    m_SelectedColor: {r: 0.9607843, g: 0.9607843, b: 0.9607843, a: 1}
    m_DisabledColor: {r: 0.78431374, g: 0.78431374, b: 0.78431374, a: 0.5019608}
    m_ColorMultiplier: 1
    m_FadeDuration: 0.1
  m_SpriteState:
    m_HighlightedSprite: {fileID: 0}
    m_PressedSprite: {fileID: 0}
    m_SelectedSprite: {fileID: 0}
    m_DisabledSprite: {fileID: 0}
  m_AnimationTriggers:
    m_NormalTrigger: Normal
    m_HighlightedTrigger: Highlighted
    m_PressedTrigger: Pressed
    m_SelectedTrigger: Selected
    m_DisabledTrigger: Disabled
  m_Interactable: 1
  m_TargetGraphic: {fileID: 3673300886888518561}
  m_OnClick:
    m_PersistentCalls:
      m_Calls:
      - m_Target: {fileID: 6323941845336829854}
        m_TargetAssemblyTypeName: Bolt.EventMachine`2[[Bolt.FlowGraph, Bolt.Flow.Runtime
        m_MethodName: TriggerUnityEvent
        m_Mode: 5
        m_Arguments:
          m_ObjectArgument: {fileID: 0}
          m_ObjectArgumentAssemblyTypeName: UnityEngine.Object, UnityEngine
          m_IntArgument: 0
          m_FloatArgument: 0
          m_StringArgument: Click
          m_BoolArgument: 0
        m_CallState: 2
--- !u!1 &4551112876665668035
GameObject:
  m_ObjectHideFlags: 0
  m_CorrespondingSourceObject: {fileID: 0}
  m_PrefabInstance: {fileID: 0}
  m_PrefabAsset: {fileID: 0}
  serializedVersion: 6
  m_Component:
  - component: {fileID: 4476502808181082978}
  - component: {fileID: 6635458624024261422}
  - component: {fileID: 2108934131872604090}
  - component: {fileID: 3135561422921358109}
  m_Layer: 8
  m_Name: Button
  m_TagString: Untagged
  m_Icon: {fileID: 0}
  m_NavMeshLayer: 0
  m_StaticEditorFlags: 0
  m_IsActive: 0
--- !u!224 &4476502808181082978
RectTransform:
  m_ObjectHideFlags: 0
  m_CorrespondingSourceObject: {fileID: 0}
  m_PrefabInstance: {fileID: 0}
  m_PrefabAsset: {fileID: 0}
  m_GameObject: {fileID: 4551112876665668035}
  m_LocalRotation: {x: 0, y: 0, z: 0, w: 1}
  m_LocalPosition: {x: 0, y: 0, z: 0}
  m_LocalScale: {x: 1, y: 1, z: 1}
  m_Children: []
  m_Father: {fileID: 3951403625251964067}
  m_RootOrder: 2
  m_LocalEulerAnglesHint: {x: 0, y: 0, z: 0}
  m_AnchorMin: {x: 1, y: 0}
  m_AnchorMax: {x: 1, y: 0}
  m_AnchoredPosition: {x: -345, y: 407}
  m_SizeDelta: {x: 160, y: 160}
  m_Pivot: {x: 0.5, y: 0.5}
--- !u!222 &6635458624024261422
CanvasRenderer:
  m_ObjectHideFlags: 0
  m_CorrespondingSourceObject: {fileID: 0}
  m_PrefabInstance: {fileID: 0}
  m_PrefabAsset: {fileID: 0}
  m_GameObject: {fileID: 4551112876665668035}
  m_CullTransparentMesh: 0
--- !u!114 &2108934131872604090
MonoBehaviour:
  m_ObjectHideFlags: 0
  m_CorrespondingSourceObject: {fileID: 0}
  m_PrefabInstance: {fileID: 0}
  m_PrefabAsset: {fileID: 0}
  m_GameObject: {fileID: 4551112876665668035}
  m_Enabled: 1
  m_EditorHideFlags: 0
  m_Script: {fileID: 11500000, guid: fe87c0e1cc204ed48ad3b37840f39efc, type: 3}
  m_Name: 
  m_EditorClassIdentifier: 
  m_Material: {fileID: 0}
  m_Color: {r: 1, g: 1, b: 1, a: 1}
  m_RaycastTarget: 1
  m_RaycastPadding: {x: 0, y: 0, z: 0, w: 0}
  m_Maskable: 1
  m_OnCullStateChanged:
    m_PersistentCalls:
      m_Calls: []
  m_Sprite: {fileID: 21300000, guid: 4742cd2780e9f4d7f86a36507e6d9850, type: 3}
  m_Type: 0
  m_PreserveAspect: 0
  m_FillCenter: 1
  m_FillMethod: 4
  m_FillAmount: 1
  m_FillClockwise: 1
  m_FillOrigin: 0
  m_UseSpriteMesh: 0
  m_PixelsPerUnitMultiplier: 1
--- !u!114 &3135561422921358109
MonoBehaviour:
  m_ObjectHideFlags: 0
  m_CorrespondingSourceObject: {fileID: 0}
  m_PrefabInstance: {fileID: 0}
  m_PrefabAsset: {fileID: 0}
  m_GameObject: {fileID: 4551112876665668035}
  m_Enabled: 1
  m_EditorHideFlags: 0
  m_Script: {fileID: 11500000, guid: 4e29b1a8efbd4b44bb3f3716e73f07ff, type: 3}
  m_Name: 
  m_EditorClassIdentifier: 
  m_Navigation:
    m_Mode: 3
    m_WrapAround: 0
    m_SelectOnUp: {fileID: 0}
    m_SelectOnDown: {fileID: 0}
    m_SelectOnLeft: {fileID: 0}
    m_SelectOnRight: {fileID: 0}
  m_Transition: 1
  m_Colors:
    m_NormalColor: {r: 1, g: 1, b: 1, a: 1}
    m_HighlightedColor: {r: 0.9607843, g: 0.9607843, b: 0.9607843, a: 1}
    m_PressedColor: {r: 0.78431374, g: 0.78431374, b: 0.78431374, a: 1}
    m_SelectedColor: {r: 0.9607843, g: 0.9607843, b: 0.9607843, a: 1}
    m_DisabledColor: {r: 0.78431374, g: 0.78431374, b: 0.78431374, a: 0.5019608}
    m_ColorMultiplier: 1
    m_FadeDuration: 0.1
  m_SpriteState:
    m_HighlightedSprite: {fileID: 0}
    m_PressedSprite: {fileID: 0}
    m_SelectedSprite: {fileID: 0}
    m_DisabledSprite: {fileID: 0}
  m_AnimationTriggers:
    m_NormalTrigger: Normal
    m_HighlightedTrigger: Highlighted
    m_PressedTrigger: Pressed
    m_SelectedTrigger: Selected
    m_DisabledTrigger: Disabled
  m_Interactable: 1
  m_TargetGraphic: {fileID: 2108934131872604090}
  m_OnClick:
    m_PersistentCalls:
      m_Calls:
      - m_Target: {fileID: 0}
        m_TargetAssemblyTypeName: ObjectInspector, Assembly-CSharp
        m_MethodName: ToggleDissolveTarget
        m_Mode: 1
        m_Arguments:
          m_ObjectArgument: {fileID: 0}
          m_ObjectArgumentAssemblyTypeName: UnityEngine.Object, UnityEngine
          m_IntArgument: 0
          m_FloatArgument: 0
          m_StringArgument: 
          m_BoolArgument: 0
        m_CallState: 2
--- !u!1 &4595982148459762202
GameObject:
  m_ObjectHideFlags: 0
  m_CorrespondingSourceObject: {fileID: 0}
  m_PrefabInstance: {fileID: 0}
  m_PrefabAsset: {fileID: 0}
  serializedVersion: 6
  m_Component:
  - component: {fileID: 5333846909990289563}
  - component: {fileID: 5356002640889116820}
  m_Layer: 8
  m_Name: Light
  m_TagString: Untagged
  m_Icon: {fileID: 0}
  m_NavMeshLayer: 0
  m_StaticEditorFlags: 0
  m_IsActive: 1
--- !u!4 &5333846909990289563
Transform:
  m_ObjectHideFlags: 0
  m_CorrespondingSourceObject: {fileID: 0}
  m_PrefabInstance: {fileID: 0}
  m_PrefabAsset: {fileID: 0}
  m_GameObject: {fileID: 4595982148459762202}
  m_LocalRotation: {x: -0, y: -0, z: -0, w: 1}
  m_LocalPosition: {x: 1.382, y: 1.451, z: -3.08}
  m_LocalScale: {x: 1, y: 1, z: 1}
  m_Children: []
  m_Father: {fileID: 7852098021213066276}
  m_RootOrder: 2
  m_LocalEulerAnglesHint: {x: 0, y: 0, z: 0}
--- !u!108 &5356002640889116820
Light:
  m_ObjectHideFlags: 0
  m_CorrespondingSourceObject: {fileID: 0}
  m_PrefabInstance: {fileID: 0}
  m_PrefabAsset: {fileID: 0}
  m_GameObject: {fileID: 4595982148459762202}
  m_Enabled: 1
  serializedVersion: 10
  m_Type: 2
  m_Shape: 0
  m_Color: {r: 1, g: 1, b: 1, a: 1}
  m_Intensity: 1
  m_Range: 60
  m_SpotAngle: 30
  m_InnerSpotAngle: 21.80208
  m_CookieSize: 10
  m_Shadows:
    m_Type: 0
    m_Resolution: -1
    m_CustomResolution: -1
    m_Strength: 1
    m_Bias: 0.05
    m_NormalBias: 0.4
    m_NearPlane: 0.2
    m_CullingMatrixOverride:
      e00: 1
      e01: 0
      e02: 0
      e03: 0
      e10: 0
      e11: 1
      e12: 0
      e13: 0
      e20: 0
      e21: 0
      e22: 1
      e23: 0
      e30: 0
      e31: 0
      e32: 0
      e33: 1
    m_UseCullingMatrixOverride: 0
  m_Cookie: {fileID: 0}
  m_DrawHalo: 0
  m_Flare: {fileID: 0}
  m_RenderMode: 0
  m_CullingMask:
    serializedVersion: 2
    m_Bits: 256
  m_RenderingLayerMask: 1
  m_Lightmapping: 4
  m_LightShadowCasterMode: 0
  m_AreaSize: {x: 1, y: 1}
  m_BounceIntensity: 1
  m_ColorTemperature: 6570
  m_UseColorTemperature: 0
  m_BoundingSphereOverride: {x: 0, y: 0, z: 0, w: 0}
  m_UseBoundingSphereOverride: 0
  m_UseViewFrustumForShadowCasterCull: 1
  m_ShadowRadius: 0
  m_ShadowAngle: 0
--- !u!1 &5052035706870933139
GameObject:
  m_ObjectHideFlags: 0
  m_CorrespondingSourceObject: {fileID: 0}
  m_PrefabInstance: {fileID: 0}
  m_PrefabAsset: {fileID: 0}
  serializedVersion: 6
  m_Component:
  - component: {fileID: 2164272539613912614}
  - component: {fileID: 6130936548283762497}
  - component: {fileID: 7666746140317647738}
  m_Layer: 8
  m_Name: BackArm
  m_TagString: Untagged
  m_Icon: {fileID: 0}
  m_NavMeshLayer: 0
  m_StaticEditorFlags: 0
  m_IsActive: 1
--- !u!224 &2164272539613912614
RectTransform:
  m_ObjectHideFlags: 0
  m_CorrespondingSourceObject: {fileID: 0}
  m_PrefabInstance: {fileID: 0}
  m_PrefabAsset: {fileID: 0}
  m_GameObject: {fileID: 5052035706870933139}
  m_LocalRotation: {x: 0, y: 0, z: 0, w: 1}
  m_LocalPosition: {x: 0, y: 0, z: 0}
  m_LocalScale: {x: 1, y: 1, z: 1}
  m_Children: []
  m_Father: {fileID: 8571649419587589444}
  m_RootOrder: 1
  m_LocalEulerAnglesHint: {x: 0, y: 0, z: 0}
  m_AnchorMin: {x: 0.5, y: 0.5}
  m_AnchorMax: {x: 0.5, y: 0.5}
  m_AnchoredPosition: {x: 49, y: 49.7}
  m_SizeDelta: {x: 91, y: 179}
  m_Pivot: {x: 0.31, y: 0.99}
--- !u!222 &6130936548283762497
CanvasRenderer:
  m_ObjectHideFlags: 0
  m_CorrespondingSourceObject: {fileID: 0}
  m_PrefabInstance: {fileID: 0}
  m_PrefabAsset: {fileID: 0}
  m_GameObject: {fileID: 5052035706870933139}
  m_CullTransparentMesh: 0
--- !u!114 &7666746140317647738
MonoBehaviour:
  m_ObjectHideFlags: 0
  m_CorrespondingSourceObject: {fileID: 0}
  m_PrefabInstance: {fileID: 0}
  m_PrefabAsset: {fileID: 0}
  m_GameObject: {fileID: 5052035706870933139}
  m_Enabled: 1
  m_EditorHideFlags: 0
  m_Script: {fileID: 11500000, guid: fe87c0e1cc204ed48ad3b37840f39efc, type: 3}
  m_Name: 
  m_EditorClassIdentifier: 
  m_Material: {fileID: 0}
  m_Color: {r: 1, g: 1, b: 1, a: 1}
  m_RaycastTarget: 1
  m_RaycastPadding: {x: 0, y: 0, z: 0, w: 0}
  m_Maskable: 1
  m_OnCullStateChanged:
    m_PersistentCalls:
      m_Calls: []
  m_Sprite: {fileID: 1505778172840355781, guid: b9dfe3dc5556df449bd0ec2e6fadf986, type: 3}
  m_Type: 0
  m_PreserveAspect: 0
  m_FillCenter: 1
  m_FillMethod: 4
  m_FillAmount: 1
  m_FillClockwise: 1
  m_FillOrigin: 0
  m_UseSpriteMesh: 0
  m_PixelsPerUnitMultiplier: 1
--- !u!1 &5100593140479097203
GameObject:
  m_ObjectHideFlags: 0
  m_CorrespondingSourceObject: {fileID: 0}
  m_PrefabInstance: {fileID: 0}
  m_PrefabAsset: {fileID: 0}
  serializedVersion: 6
  m_Component:
  - component: {fileID: 3880903472703720479}
  - component: {fileID: 274453188609158099}
  - component: {fileID: 7376647370534441043}
  - component: {fileID: 3593650841839982781}
  m_Layer: 8
  m_Name: Canvas
  m_TagString: Untagged
  m_Icon: {fileID: 0}
  m_NavMeshLayer: 0
  m_StaticEditorFlags: 0
  m_IsActive: 1
--- !u!224 &3880903472703720479
RectTransform:
  m_ObjectHideFlags: 0
  m_CorrespondingSourceObject: {fileID: 0}
  m_PrefabInstance: {fileID: 0}
  m_PrefabAsset: {fileID: 0}
  m_GameObject: {fileID: 5100593140479097203}
  m_LocalRotation: {x: 0, y: 0, z: 0, w: 1}
  m_LocalPosition: {x: 0, y: 0, z: 0}
  m_LocalScale: {x: 0, y: 0, z: 0}
  m_Children:
  - {fileID: 3991279215108692625}
  m_Father: {fileID: 7852098021213066276}
  m_RootOrder: 0
  m_LocalEulerAnglesHint: {x: 0, y: 0, z: 0}
  m_AnchorMin: {x: 0, y: 0}
  m_AnchorMax: {x: 0, y: 0}
  m_AnchoredPosition: {x: 0, y: 0}
  m_SizeDelta: {x: 0, y: 0}
  m_Pivot: {x: 0, y: 0}
--- !u!223 &274453188609158099
Canvas:
  m_ObjectHideFlags: 0
  m_CorrespondingSourceObject: {fileID: 0}
  m_PrefabInstance: {fileID: 0}
  m_PrefabAsset: {fileID: 0}
  m_GameObject: {fileID: 5100593140479097203}
  m_Enabled: 1
  serializedVersion: 3
  m_RenderMode: 0
  m_Camera: {fileID: 0}
  m_PlaneDistance: 100
  m_PixelPerfect: 0
  m_ReceivesEvents: 1
  m_OverrideSorting: 0
  m_OverridePixelPerfect: 0
  m_SortingBucketNormalizedSize: 0
  m_AdditionalShaderChannelsFlag: 0
  m_SortingLayerID: 0
  m_SortingOrder: 999
  m_TargetDisplay: 0
--- !u!114 &7376647370534441043
MonoBehaviour:
  m_ObjectHideFlags: 0
  m_CorrespondingSourceObject: {fileID: 0}
  m_PrefabInstance: {fileID: 0}
  m_PrefabAsset: {fileID: 0}
  m_GameObject: {fileID: 5100593140479097203}
  m_Enabled: 1
  m_EditorHideFlags: 0
  m_Script: {fileID: 11500000, guid: 0cd44c1031e13a943bb63640046fad76, type: 3}
  m_Name: 
  m_EditorClassIdentifier: 
  m_UiScaleMode: 1
  m_ReferencePixelsPerUnit: 100
  m_ScaleFactor: 1
  m_ReferenceResolution: {x: 1920, y: 1080}
  m_ScreenMatchMode: 0
  m_MatchWidthOrHeight: 0
  m_PhysicalUnit: 3
  m_FallbackScreenDPI: 96
  m_DefaultSpriteDPI: 96
  m_DynamicPixelsPerUnit: 1
  m_PresetInfoIsWorld: 0
--- !u!114 &3593650841839982781
MonoBehaviour:
  m_ObjectHideFlags: 0
  m_CorrespondingSourceObject: {fileID: 0}
  m_PrefabInstance: {fileID: 0}
  m_PrefabAsset: {fileID: 0}
  m_GameObject: {fileID: 5100593140479097203}
  m_Enabled: 1
  m_EditorHideFlags: 0
  m_Script: {fileID: 11500000, guid: dc42784cf147c0c48a680349fa168899, type: 3}
  m_Name: 
  m_EditorClassIdentifier: 
  m_IgnoreReversedGraphics: 1
  m_BlockingObjects: 0
  m_BlockingMask:
    serializedVersion: 2
    m_Bits: 4294967295
--- !u!1 &5209446678189435803
GameObject:
  m_ObjectHideFlags: 0
  m_CorrespondingSourceObject: {fileID: 0}
  m_PrefabInstance: {fileID: 0}
  m_PrefabAsset: {fileID: 0}
  serializedVersion: 6
  m_Component:
  - component: {fileID: 8571649419587589444}
  - component: {fileID: 2021054936508762088}
  m_Layer: 8
  m_Name: Character
  m_TagString: Untagged
  m_Icon: {fileID: 0}
  m_NavMeshLayer: 0
  m_StaticEditorFlags: 0
  m_IsActive: 1
--- !u!224 &8571649419587589444
RectTransform:
  m_ObjectHideFlags: 0
  m_CorrespondingSourceObject: {fileID: 0}
  m_PrefabInstance: {fileID: 0}
  m_PrefabAsset: {fileID: 0}
  m_GameObject: {fileID: 5209446678189435803}
  m_LocalRotation: {x: 0, y: 0, z: 0, w: 1}
  m_LocalPosition: {x: 0, y: 0, z: 0}
  m_LocalScale: {x: 2.0388544, y: 2.0388544, z: 2.0388544}
  m_Children:
  - {fileID: 56166288163685830}
  - {fileID: 2164272539613912614}
  - {fileID: 6657974606508955780}
  - {fileID: 5392766372036879450}
  m_Father: {fileID: 3951403625251964067}
  m_RootOrder: 0
  m_LocalEulerAnglesHint: {x: 0, y: 0, z: 0}
  m_AnchorMin: {x: 0.5, y: 0.5}
  m_AnchorMax: {x: 0.5, y: 0.5}
  m_AnchoredPosition: {x: -638, y: -102}
  m_SizeDelta: {x: 258.17932, y: 524.1042}
  m_Pivot: {x: 0.5, y: 0.5}
--- !u!95 &2021054936508762088
Animator:
  serializedVersion: 3
  m_ObjectHideFlags: 0
  m_CorrespondingSourceObject: {fileID: 0}
  m_PrefabInstance: {fileID: 0}
  m_PrefabAsset: {fileID: 0}
  m_GameObject: {fileID: 5209446678189435803}
  m_Enabled: 1
  m_Avatar: {fileID: 0}
  m_Controller: {fileID: 9100000, guid: ae26e7669a6880345b8830a511c70142, type: 2}
  m_CullingMode: 0
  m_UpdateMode: 0
  m_ApplyRootMotion: 0
  m_LinearVelocityBlending: 0
  m_WarningMessage: 
  m_HasTransformHierarchy: 1
  m_AllowConstantClipSamplingOptimization: 1
  m_KeepAnimatorControllerStateOnDisable: 0
--- !u!1 &5636487815782785557
GameObject:
  m_ObjectHideFlags: 0
  m_CorrespondingSourceObject: {fileID: 0}
  m_PrefabInstance: {fileID: 0}
  m_PrefabAsset: {fileID: 0}
  serializedVersion: 6
  m_Component:
  - component: {fileID: 3951403625251964067}
  - component: {fileID: 8033169548529649300}
  - component: {fileID: 1723853166670751120}
  - component: {fileID: 8031626309552068111}
  m_Layer: 8
  m_Name: Dialogue
  m_TagString: Untagged
  m_Icon: {fileID: 0}
  m_NavMeshLayer: 0
  m_StaticEditorFlags: 0
  m_IsActive: 0
--- !u!224 &3951403625251964067
RectTransform:
  m_ObjectHideFlags: 0
  m_CorrespondingSourceObject: {fileID: 0}
  m_PrefabInstance: {fileID: 0}
  m_PrefabAsset: {fileID: 0}
  m_GameObject: {fileID: 5636487815782785557}
  m_LocalRotation: {x: 0, y: 0, z: 0, w: 1}
  m_LocalPosition: {x: 0, y: 0, z: 0}
  m_LocalScale: {x: 0, y: 0, z: 0}
  m_Children:
  - {fileID: 8571649419587589444}
  - {fileID: 4051358419429602617}
  - {fileID: 4476502808181082978}
  - {fileID: 3916098528119718007}
  m_Father: {fileID: 7852098021213066276}
  m_RootOrder: 1
  m_LocalEulerAnglesHint: {x: 0, y: 0, z: 0}
  m_AnchorMin: {x: 0, y: 0}
  m_AnchorMax: {x: 0, y: 0}
  m_AnchoredPosition: {x: 0, y: 0}
  m_SizeDelta: {x: 0, y: 0}
  m_Pivot: {x: 0, y: 0}
--- !u!223 &8033169548529649300
Canvas:
  m_ObjectHideFlags: 0
  m_CorrespondingSourceObject: {fileID: 0}
  m_PrefabInstance: {fileID: 0}
  m_PrefabAsset: {fileID: 0}
  m_GameObject: {fileID: 5636487815782785557}
  m_Enabled: 1
  serializedVersion: 3
  m_RenderMode: 0
  m_Camera: {fileID: 0}
  m_PlaneDistance: 100
  m_PixelPerfect: 0
  m_ReceivesEvents: 1
  m_OverrideSorting: 0
  m_OverridePixelPerfect: 0
  m_SortingBucketNormalizedSize: 0
  m_AdditionalShaderChannelsFlag: 0
  m_SortingLayerID: 0
  m_SortingOrder: 0
  m_TargetDisplay: 0
--- !u!114 &1723853166670751120
MonoBehaviour:
  m_ObjectHideFlags: 0
  m_CorrespondingSourceObject: {fileID: 0}
  m_PrefabInstance: {fileID: 0}
  m_PrefabAsset: {fileID: 0}
  m_GameObject: {fileID: 5636487815782785557}
  m_Enabled: 1
  m_EditorHideFlags: 0
  m_Script: {fileID: 11500000, guid: 0cd44c1031e13a943bb63640046fad76, type: 3}
  m_Name: 
  m_EditorClassIdentifier: 
  m_UiScaleMode: 1
  m_ReferencePixelsPerUnit: 100
  m_ScaleFactor: 1
  m_ReferenceResolution: {x: 1920, y: 1080}
  m_ScreenMatchMode: 0
  m_MatchWidthOrHeight: 1
  m_PhysicalUnit: 3
  m_FallbackScreenDPI: 96
  m_DefaultSpriteDPI: 96
  m_DynamicPixelsPerUnit: 1
  m_PresetInfoIsWorld: 0
--- !u!114 &8031626309552068111
MonoBehaviour:
  m_ObjectHideFlags: 0
  m_CorrespondingSourceObject: {fileID: 0}
  m_PrefabInstance: {fileID: 0}
  m_PrefabAsset: {fileID: 0}
  m_GameObject: {fileID: 5636487815782785557}
  m_Enabled: 1
  m_EditorHideFlags: 0
  m_Script: {fileID: 11500000, guid: dc42784cf147c0c48a680349fa168899, type: 3}
  m_Name: 
  m_EditorClassIdentifier: 
  m_IgnoreReversedGraphics: 1
  m_BlockingObjects: 0
  m_BlockingMask:
    serializedVersion: 2
    m_Bits: 4294967295
--- !u!1 &7200205568457632454
GameObject:
  m_ObjectHideFlags: 0
  m_CorrespondingSourceObject: {fileID: 0}
  m_PrefabInstance: {fileID: 0}
  m_PrefabAsset: {fileID: 0}
  serializedVersion: 6
  m_Component:
  - component: {fileID: 7852098021213066276}
  - component: {fileID: 5289617433518389898}
  - component: {fileID: 6323941845336829854}
  m_Layer: 8
  m_Name: Modelviewer-3-Spindle
  m_TagString: Untagged
  m_Icon: {fileID: 0}
  m_NavMeshLayer: 0
  m_StaticEditorFlags: 0
  m_IsActive: 1
--- !u!4 &7852098021213066276
Transform:
  m_ObjectHideFlags: 0
  m_CorrespondingSourceObject: {fileID: 0}
  m_PrefabInstance: {fileID: 0}
  m_PrefabAsset: {fileID: 0}
  m_GameObject: {fileID: 7200205568457632454}
  m_LocalRotation: {x: 0, y: 0, z: 0, w: 1}
  m_LocalPosition: {x: 0, y: 0, z: 0}
  m_LocalScale: {x: 1, y: 1, z: 1}
  m_Children:
  - {fileID: 3880903472703720479}
  - {fileID: 3951403625251964067}
  - {fileID: 5333846909990289563}
  - {fileID: 4296002282435171311}
  m_Father: {fileID: 0}
  m_RootOrder: 0
  m_LocalEulerAnglesHint: {x: 0, y: 0, z: 0}
--- !u!114 &5289617433518389898
MonoBehaviour:
  m_ObjectHideFlags: 0
  m_CorrespondingSourceObject: {fileID: 0}
  m_PrefabInstance: {fileID: 0}
  m_PrefabAsset: {fileID: 0}
  m_GameObject: {fileID: 7200205568457632454}
  m_Enabled: 1
  m_EditorHideFlags: 0
  m_Script: {fileID: -1465209106, guid: c8d0ad23af520fe46aabe2b1fecf6462, type: 3}
  m_Name: 
  m_EditorClassIdentifier: 
  _data:
    _json: '{"declarations":{"collection":{"$content":[],"$version":"A"},"$version":"A"}}'
    _objectReferences: []
--- !u!114 &6323941845336829854
MonoBehaviour:
  m_ObjectHideFlags: 0
  m_CorrespondingSourceObject: {fileID: 0}
  m_PrefabInstance: {fileID: 0}
  m_PrefabAsset: {fileID: 0}
  m_GameObject: {fileID: 7200205568457632454}
  m_Enabled: 1
  m_EditorHideFlags: 0
  m_Script: {fileID: -57143145, guid: a040fb66244a7f54289914d98ea4ef7d, type: 3}
  m_Name: 
  m_EditorClassIdentifier: 
  _data:
    _json: '{"nest":{"source":"Embed","macro":null,"embed":{"variables":{"collection":{"$content":[],"$version":"A"},"$version":"A"},"controlInputDefinitions":[],"controlOutputDefinitions":[],"valueInputDefinitions":[],"valueOutputDefinitions":[],"title":null,"summary":null,"pan":{"x":365.9445,"y":23.43607},"zoom":1.0,"elements":[{"coroutine":false,"defaultValues":{},"position":{"x":-201.0,"y":-275.0},"guid":"a2efb666-2c05-4a1b-ae09-c0cc994d857d","$version":"A","$type":"Bolt.Start"},{"coroutine":false,"defaultValues":{},"position":{"x":-242.0,"y":59.0},"guid":"58316367-b602-4566-a4da-ef568e4ed956","$version":"A","$type":"Bolt.Update"},{"coroutine":false,"defaultValues":{"name":{"$content":"Click","$type":"System.String"}},"position":{"x":-249.0,"y":-107.0},"guid":"e83a8503-5dc2-4af9-9181-9d52be4e33e2","$version":"A","$type":"Bolt.BoltUnityEvent","$id":"14"},{"argumentCount":0,"defaultValues":{"name":{"$content":"Hide","$type":"System.String"},"target":null},"position":{"x":851.0,"y":-130.0},"guid":"a478aefd-0bab-479e-8556-c44c820a41af","$version":"A","$type":"Bolt.TriggerCustomEvent","$id":"16"},{"member":{"name":"parent","parameterTypes":null,"targetType":"UnityEngine.Transform","targetTypeName":"UnityEngine.Transform","$version":"A"},"defaultValues":{"target":null},"position":{"x":343.0,"y":-18.0},"guid":"dfd768b8-ed60-4055-ba3f-322e3e3125a6","$version":"A","$type":"Bolt.GetMember","$id":"18"},{"member":{"name":"gameObject","parameterTypes":null,"targetType":"UnityEngine.Transform","targetTypeName":"UnityEngine.Transform","$version":"A"},"defaultValues":{"target":null},"position":{"x":669.0,"y":-20.0},"guid":"46de101f-a7f9-443b-976f-dbb9a18bbdb5","$version":"A","$type":"Bolt.GetMember","$id":"21"},{"member":{"name":"parent","parameterTypes":null,"targetType":"UnityEngine.Transform","targetTypeName":"UnityEngine.Transform","$version":"A"},"defaultValues":{"target":null},"position":{"x":511.0,"y":-18.0},"guid":"f22062b0-a65d-4906-b0cd-ad2a34f0fb4a","$version":"A","$type":"Bolt.GetMember","$id":"24"},{"defaultValues":{},"position":{"x":-69.0,"y":-19.0},"guid":"362586ac-aa88-4a88-8ea9-47ccb350e810","$version":"A","$type":"Bolt.Self","$id":"27"},{"chainable":false,"member":{"name":"GetComponent","parameterTypes":["System.Type"],"targetType":"UnityEngine.GameObject","targetTypeName":"UnityEngine.GameObject","$version":"A"},"defaultValues":{"target":null,"%type":{"$content":"UnityEngine.Transform","$type":"System.RuntimeType"}},"position":{"x":53.0,"y":-105.0},"guid":"7bbaade5-a8a8-42eb-8091-3cfd07a85478","$version":"A","$type":"Bolt.InvokeMember","$id":"29"},{"sourceUnit":{"$ref":"14"},"sourceKey":"trigger","destinationUnit":{"$ref":"29"},"destinationKey":"enter","guid":"a8b288d5-5265-4168-8882-3c485f82bf27","$type":"Bolt.ControlConnection"},{"sourceUnit":{"$ref":"29"},"sourceKey":"exit","destinationUnit":{"$ref":"16"},"destinationKey":"enter","guid":"fb023b51-fc5b-4545-819c-cd7e83db9a92","$type":"Bolt.ControlConnection"},{"sourceUnit":{"$ref":"21"},"sourceKey":"value","destinationUnit":{"$ref":"16"},"destinationKey":"target","guid":"05647d49-bcb1-406c-816d-861dc642fdc3","$type":"Bolt.ValueConnection"},{"sourceUnit":{"$ref":"18"},"sourceKey":"value","destinationUnit":{"$ref":"24"},"destinationKey":"target","guid":"92d17285-827a-45d7-b254-877e3e380892","$type":"Bolt.ValueConnection"},{"sourceUnit":{"$ref":"24"},"sourceKey":"value","destinationUnit":{"$ref":"21"},"destinationKey":"target","guid":"d036069c-dc03-4fad-be3b-10bf20fc0cac","$type":"Bolt.ValueConnection"},{"sourceUnit":{"$ref":"27"},"sourceKey":"self","destinationUnit":{"$ref":"29"},"destinationKey":"target","guid":"bb4a3c3c-fe43-4deb-9c1c-bcb59bbc3367","$type":"Bolt.ValueConnection"},{"sourceUnit":{"$ref":"29"},"sourceKey":"result","destinationUnit":{"$ref":"18"},"destinationKey":"target","guid":"577fcc38-984c-4518-a482-e365761b3411","$type":"Bolt.ValueConnection"}],"$version":"A"}}}'
    _objectReferences: []
--- !u!1 &7524613734239600046
GameObject:
  m_ObjectHideFlags: 0
  m_CorrespondingSourceObject: {fileID: 0}
  m_PrefabInstance: {fileID: 0}
  m_PrefabAsset: {fileID: 0}
  serializedVersion: 6
  m_Component:
  - component: {fileID: 56166288163685830}
  - component: {fileID: 637566125892863675}
  - component: {fileID: 5370008867402744190}
  m_Layer: 8
  m_Name: Hair
  m_TagString: Untagged
  m_Icon: {fileID: 0}
  m_NavMeshLayer: 0
  m_StaticEditorFlags: 0
  m_IsActive: 1
--- !u!224 &56166288163685830
RectTransform:
  m_ObjectHideFlags: 0
  m_CorrespondingSourceObject: {fileID: 0}
  m_PrefabInstance: {fileID: 0}
  m_PrefabAsset: {fileID: 0}
  m_GameObject: {fileID: 7524613734239600046}
  m_LocalRotation: {x: 0, y: 0, z: 0, w: 1}
  m_LocalPosition: {x: 0, y: 0, z: 0}
  m_LocalScale: {x: 1, y: 1, z: 1}
  m_Children: []
  m_Father: {fileID: 8571649419587589444}
  m_RootOrder: 0
  m_LocalEulerAnglesHint: {x: 0, y: 0, z: 0}
  m_AnchorMin: {x: 0.5, y: 0.5}
  m_AnchorMax: {x: 0.5, y: 0.5}
  m_AnchoredPosition: {x: -47.5, y: 195.4}
  m_SizeDelta: {x: 100, y: 95}
  m_Pivot: {x: 0.58, y: 0.96}
--- !u!222 &637566125892863675
CanvasRenderer:
  m_ObjectHideFlags: 0
  m_CorrespondingSourceObject: {fileID: 0}
  m_PrefabInstance: {fileID: 0}
  m_PrefabAsset: {fileID: 0}
  m_GameObject: {fileID: 7524613734239600046}
  m_CullTransparentMesh: 0
--- !u!114 &5370008867402744190
MonoBehaviour:
  m_ObjectHideFlags: 0
  m_CorrespondingSourceObject: {fileID: 0}
  m_PrefabInstance: {fileID: 0}
  m_PrefabAsset: {fileID: 0}
  m_GameObject: {fileID: 7524613734239600046}
  m_Enabled: 1
  m_EditorHideFlags: 0
  m_Script: {fileID: 11500000, guid: fe87c0e1cc204ed48ad3b37840f39efc, type: 3}
  m_Name: 
  m_EditorClassIdentifier: 
  m_Material: {fileID: 0}
  m_Color: {r: 1, g: 1, b: 1, a: 1}
  m_RaycastTarget: 1
  m_RaycastPadding: {x: 0, y: 0, z: 0, w: 0}
  m_Maskable: 1
  m_OnCullStateChanged:
    m_PersistentCalls:
      m_Calls: []
  m_Sprite: {fileID: 4635723901098607618, guid: b9dfe3dc5556df449bd0ec2e6fadf986, type: 3}
  m_Type: 0
  m_PreserveAspect: 0
  m_FillCenter: 1
  m_FillMethod: 4
  m_FillAmount: 1
  m_FillClockwise: 1
  m_FillOrigin: 0
  m_UseSpriteMesh: 0
  m_PixelsPerUnitMultiplier: 1
--- !u!1 &7665883738861187431
GameObject:
  m_ObjectHideFlags: 0
  m_CorrespondingSourceObject: {fileID: 0}
  m_PrefabInstance: {fileID: 0}
  m_PrefabAsset: {fileID: 0}
  serializedVersion: 6
  m_Component:
  - component: {fileID: 6657974606508955780}
  - component: {fileID: 8039459323482257844}
  - component: {fileID: 1823725537615334051}
  m_Layer: 8
  m_Name: Body
  m_TagString: Untagged
  m_Icon: {fileID: 0}
  m_NavMeshLayer: 0
  m_StaticEditorFlags: 0
  m_IsActive: 1
--- !u!224 &6657974606508955780
RectTransform:
  m_ObjectHideFlags: 0
  m_CorrespondingSourceObject: {fileID: 0}
  m_PrefabInstance: {fileID: 0}
  m_PrefabAsset: {fileID: 0}
  m_GameObject: {fileID: 7665883738861187431}
  m_LocalRotation: {x: 0, y: 0, z: 0, w: 1}
  m_LocalPosition: {x: 0, y: 0, z: 0}
  m_LocalScale: {x: 1, y: 1, z: 1}
  m_Children: []
  m_Father: {fileID: 8571649419587589444}
  m_RootOrder: 2
  m_LocalEulerAnglesHint: {x: 0, y: 0, z: 0}
  m_AnchorMin: {x: 0.5, y: 0.5}
  m_AnchorMax: {x: 0.5, y: 0.5}
  m_AnchoredPosition: {x: 0, y: 0}
  m_SizeDelta: {x: 143, y: 451}
  m_Pivot: {x: 0.5, y: 0.5}
--- !u!222 &8039459323482257844
CanvasRenderer:
  m_ObjectHideFlags: 0
  m_CorrespondingSourceObject: {fileID: 0}
  m_PrefabInstance: {fileID: 0}
  m_PrefabAsset: {fileID: 0}
  m_GameObject: {fileID: 7665883738861187431}
  m_CullTransparentMesh: 0
--- !u!114 &1823725537615334051
MonoBehaviour:
  m_ObjectHideFlags: 0
  m_CorrespondingSourceObject: {fileID: 0}
  m_PrefabInstance: {fileID: 0}
  m_PrefabAsset: {fileID: 0}
  m_GameObject: {fileID: 7665883738861187431}
  m_Enabled: 1
  m_EditorHideFlags: 0
  m_Script: {fileID: 11500000, guid: fe87c0e1cc204ed48ad3b37840f39efc, type: 3}
  m_Name: 
  m_EditorClassIdentifier: 
  m_Material: {fileID: 0}
  m_Color: {r: 1, g: 1, b: 1, a: 1}
  m_RaycastTarget: 1
  m_RaycastPadding: {x: 0, y: 0, z: 0, w: 0}
  m_Maskable: 1
  m_OnCullStateChanged:
    m_PersistentCalls:
      m_Calls: []
  m_Sprite: {fileID: 8792938516410948840, guid: b9dfe3dc5556df449bd0ec2e6fadf986, type: 3}
  m_Type: 0
  m_PreserveAspect: 0
  m_FillCenter: 1
  m_FillMethod: 4
  m_FillAmount: 1
  m_FillClockwise: 1
  m_FillOrigin: 0
  m_UseSpriteMesh: 0
  m_PixelsPerUnitMultiplier: 1
--- !u!1001 &3487187451592130875
PrefabInstance:
  m_ObjectHideFlags: 0
  serializedVersion: 2
  m_Modification:
    m_TransformParent: {fileID: 4296002282435171311}
    m_Modifications:
    - target: {fileID: -8679921383154817045, guid: a1f541d66f553854d9dcf3dc4dbc9943, type: 3}
      propertyPath: m_RootOrder
      value: 0
      objectReference: {fileID: 0}
    - target: {fileID: -8679921383154817045, guid: a1f541d66f553854d9dcf3dc4dbc9943, type: 3}
      propertyPath: m_LocalScale.x
      value: 10.082
      objectReference: {fileID: 0}
    - target: {fileID: -8679921383154817045, guid: a1f541d66f553854d9dcf3dc4dbc9943, type: 3}
      propertyPath: m_LocalScale.y
      value: 10.082
      objectReference: {fileID: 0}
    - target: {fileID: -8679921383154817045, guid: a1f541d66f553854d9dcf3dc4dbc9943, type: 3}
      propertyPath: m_LocalScale.z
      value: 10.082
      objectReference: {fileID: 0}
    - target: {fileID: -8679921383154817045, guid: a1f541d66f553854d9dcf3dc4dbc9943, type: 3}
      propertyPath: m_LocalPosition.x
      value: -0.0027164258
      objectReference: {fileID: 0}
    - target: {fileID: -8679921383154817045, guid: a1f541d66f553854d9dcf3dc4dbc9943, type: 3}
      propertyPath: m_LocalPosition.y
      value: -0.00204188
      objectReference: {fileID: 0}
    - target: {fileID: -8679921383154817045, guid: a1f541d66f553854d9dcf3dc4dbc9943, type: 3}
      propertyPath: m_LocalPosition.z
      value: -0.009509806
      objectReference: {fileID: 0}
    - target: {fileID: -8679921383154817045, guid: a1f541d66f553854d9dcf3dc4dbc9943, type: 3}
      propertyPath: m_LocalRotation.w
      value: 0.9813301
      objectReference: {fileID: 0}
    - target: {fileID: -8679921383154817045, guid: a1f541d66f553854d9dcf3dc4dbc9943, type: 3}
      propertyPath: m_LocalRotation.x
      value: 0.017581005
      objectReference: {fileID: 0}
    - target: {fileID: -8679921383154817045, guid: a1f541d66f553854d9dcf3dc4dbc9943, type: 3}
      propertyPath: m_LocalRotation.y
      value: 0.15673237
      objectReference: {fileID: 0}
    - target: {fileID: -8679921383154817045, guid: a1f541d66f553854d9dcf3dc4dbc9943, type: 3}
      propertyPath: m_LocalRotation.z
      value: -0.110077865
      objectReference: {fileID: 0}
    - target: {fileID: -8679921383154817045, guid: a1f541d66f553854d9dcf3dc4dbc9943, type: 3}
      propertyPath: m_LocalEulerAnglesHint.x
      value: 3.957
      objectReference: {fileID: 0}
    - target: {fileID: -8679921383154817045, guid: a1f541d66f553854d9dcf3dc4dbc9943, type: 3}
      propertyPath: m_LocalEulerAnglesHint.y
      value: 17.726
      objectReference: {fileID: 0}
    - target: {fileID: -8679921383154817045, guid: a1f541d66f553854d9dcf3dc4dbc9943, type: 3}
      propertyPath: m_LocalEulerAnglesHint.z
      value: -12.183
      objectReference: {fileID: 0}
    - target: {fileID: -6316882005160923884, guid: a1f541d66f553854d9dcf3dc4dbc9943, type: 3}
      propertyPath: m_Layer
      value: 8
      objectReference: {fileID: 0}
    - target: {fileID: 919132149155446097, guid: a1f541d66f553854d9dcf3dc4dbc9943, type: 3}
      propertyPath: m_Name
      value: Vikingskatter_Spindle01
      objectReference: {fileID: 0}
    - target: {fileID: 919132149155446097, guid: a1f541d66f553854d9dcf3dc4dbc9943, type: 3}
      propertyPath: m_Layer
      value: 8
      objectReference: {fileID: 0}
    - target: {fileID: 6914052217600131220, guid: a1f541d66f553854d9dcf3dc4dbc9943, type: 3}
      propertyPath: m_Layer
      value: 8
      objectReference: {fileID: 0}
    m_RemovedComponents: []
  m_SourcePrefab: {fileID: 100100000, guid: a1f541d66f553854d9dcf3dc4dbc9943, type: 3}
--- !u!4 &4030233481654314704 stripped
Transform:
  m_CorrespondingSourceObject: {fileID: -8679921383154817045, guid: a1f541d66f553854d9dcf3dc4dbc9943, type: 3}
  m_PrefabInstance: {fileID: 3487187451592130875}
  m_PrefabAsset: {fileID: 0}
--- !u!1001 &5477047053816002191
PrefabInstance:
  m_ObjectHideFlags: 0
  serializedVersion: 2
  m_Modification:
    m_TransformParent: {fileID: 3880903472703720479}
    m_Modifications:
    - target: {fileID: 485738080177798254, guid: f899ddb33d3b6814a9e439dd7113c0e3, type: 3}
      propertyPath: m_AnchorMax.y
      value: 0
      objectReference: {fileID: 0}
    - target: {fileID: 485738080177798254, guid: f899ddb33d3b6814a9e439dd7113c0e3, type: 3}
      propertyPath: m_AnchorMin.y
      value: 0
      objectReference: {fileID: 0}
    - target: {fileID: 485738080177798254, guid: f899ddb33d3b6814a9e439dd7113c0e3, type: 3}
      propertyPath: m_SizeDelta.x
      value: 797.021
      objectReference: {fileID: 0}
    - target: {fileID: 485738080177798254, guid: f899ddb33d3b6814a9e439dd7113c0e3, type: 3}
      propertyPath: m_SizeDelta.y
      value: 0
      objectReference: {fileID: 0}
    - target: {fileID: 485738080177798254, guid: f899ddb33d3b6814a9e439dd7113c0e3, type: 3}
      propertyPath: m_AnchoredPosition.x
      value: 398.5105
      objectReference: {fileID: 0}
    - target: {fileID: 485738080177798254, guid: f899ddb33d3b6814a9e439dd7113c0e3, type: 3}
      propertyPath: m_AnchoredPosition.y
      value: 0
      objectReference: {fileID: 0}
    - target: {fileID: 3364550182358145362, guid: f899ddb33d3b6814a9e439dd7113c0e3, type: 3}
      propertyPath: m_AnchorMax.y
      value: 0
      objectReference: {fileID: 0}
    - target: {fileID: 3364550182358145362, guid: f899ddb33d3b6814a9e439dd7113c0e3, type: 3}
      propertyPath: m_AnchorMin.y
      value: 0
      objectReference: {fileID: 0}
    - target: {fileID: 3364550182358145362, guid: f899ddb33d3b6814a9e439dd7113c0e3, type: 3}
      propertyPath: m_SizeDelta.x
      value: 787.021
      objectReference: {fileID: 0}
    - target: {fileID: 3364550182358145362, guid: f899ddb33d3b6814a9e439dd7113c0e3, type: 3}
      propertyPath: m_SizeDelta.y
      value: 0
      objectReference: {fileID: 0}
    - target: {fileID: 3364550182358145362, guid: f899ddb33d3b6814a9e439dd7113c0e3, type: 3}
      propertyPath: m_AnchoredPosition.x
      value: 398.5105
      objectReference: {fileID: 0}
    - target: {fileID: 3364550182358145362, guid: f899ddb33d3b6814a9e439dd7113c0e3, type: 3}
      propertyPath: m_AnchoredPosition.y
      value: 0
      objectReference: {fileID: 0}
    - target: {fileID: 3364550183614022270, guid: f899ddb33d3b6814a9e439dd7113c0e3, type: 3}
      propertyPath: m_AnchorMax.y
      value: 0
      objectReference: {fileID: 0}
    - target: {fileID: 3364550183614022270, guid: f899ddb33d3b6814a9e439dd7113c0e3, type: 3}
      propertyPath: m_AnchorMin.y
      value: 0
      objectReference: {fileID: 0}
    - target: {fileID: 3364550183614022270, guid: f899ddb33d3b6814a9e439dd7113c0e3, type: 3}
      propertyPath: m_SizeDelta.x
      value: 787.021
      objectReference: {fileID: 0}
    - target: {fileID: 3364550183614022270, guid: f899ddb33d3b6814a9e439dd7113c0e3, type: 3}
      propertyPath: m_SizeDelta.y
      value: 0
      objectReference: {fileID: 0}
    - target: {fileID: 3364550183614022270, guid: f899ddb33d3b6814a9e439dd7113c0e3, type: 3}
      propertyPath: m_AnchoredPosition.x
      value: 398.5105
      objectReference: {fileID: 0}
    - target: {fileID: 3364550183614022270, guid: f899ddb33d3b6814a9e439dd7113c0e3, type: 3}
      propertyPath: m_AnchoredPosition.y
      value: 0
      objectReference: {fileID: 0}
    - target: {fileID: 5105428430406151679, guid: f899ddb33d3b6814a9e439dd7113c0e3, type: 3}
      propertyPath: m_AnchorMax.y
      value: 0
      objectReference: {fileID: 0}
    - target: {fileID: 5105428430406151679, guid: f899ddb33d3b6814a9e439dd7113c0e3, type: 3}
      propertyPath: m_AnchorMin.y
      value: 0
      objectReference: {fileID: 0}
    - target: {fileID: 5105428430406151679, guid: f899ddb33d3b6814a9e439dd7113c0e3, type: 3}
      propertyPath: m_SizeDelta.x
      value: 797.021
      objectReference: {fileID: 0}
    - target: {fileID: 5105428430406151679, guid: f899ddb33d3b6814a9e439dd7113c0e3, type: 3}
      propertyPath: m_SizeDelta.y
      value: 0
      objectReference: {fileID: 0}
    - target: {fileID: 5105428430406151679, guid: f899ddb33d3b6814a9e439dd7113c0e3, type: 3}
      propertyPath: m_AnchoredPosition.x
      value: 398.5105
      objectReference: {fileID: 0}
    - target: {fileID: 5105428430406151679, guid: f899ddb33d3b6814a9e439dd7113c0e3, type: 3}
      propertyPath: m_AnchoredPosition.y
      value: 0
      objectReference: {fileID: 0}
    - target: {fileID: 5105428431666755283, guid: f899ddb33d3b6814a9e439dd7113c0e3, type: 3}
      propertyPath: m_AnchorMax.y
      value: 0
      objectReference: {fileID: 0}
    - target: {fileID: 5105428431666755283, guid: f899ddb33d3b6814a9e439dd7113c0e3, type: 3}
      propertyPath: m_AnchorMin.y
      value: 0
      objectReference: {fileID: 0}
    - target: {fileID: 5105428431666755283, guid: f899ddb33d3b6814a9e439dd7113c0e3, type: 3}
      propertyPath: m_SizeDelta.x
      value: 797.021
      objectReference: {fileID: 0}
    - target: {fileID: 5105428431666755283, guid: f899ddb33d3b6814a9e439dd7113c0e3, type: 3}
      propertyPath: m_SizeDelta.y
      value: 0
      objectReference: {fileID: 0}
    - target: {fileID: 5105428431666755283, guid: f899ddb33d3b6814a9e439dd7113c0e3, type: 3}
      propertyPath: m_AnchoredPosition.x
      value: 398.5105
      objectReference: {fileID: 0}
    - target: {fileID: 5105428431666755283, guid: f899ddb33d3b6814a9e439dd7113c0e3, type: 3}
      propertyPath: m_AnchoredPosition.y
      value: 0
      objectReference: {fileID: 0}
    - target: {fileID: 7986809302245659631, guid: f899ddb33d3b6814a9e439dd7113c0e3, type: 3}
      propertyPath: m_AnchorMax.y
      value: 0
      objectReference: {fileID: 0}
    - target: {fileID: 7986809302245659631, guid: f899ddb33d3b6814a9e439dd7113c0e3, type: 3}
      propertyPath: m_AnchorMin.y
      value: 0
      objectReference: {fileID: 0}
    - target: {fileID: 7986809302245659631, guid: f899ddb33d3b6814a9e439dd7113c0e3, type: 3}
      propertyPath: m_SizeDelta.x
      value: 787.021
      objectReference: {fileID: 0}
    - target: {fileID: 7986809302245659631, guid: f899ddb33d3b6814a9e439dd7113c0e3, type: 3}
      propertyPath: m_SizeDelta.y
      value: 0
      objectReference: {fileID: 0}
    - target: {fileID: 7986809302245659631, guid: f899ddb33d3b6814a9e439dd7113c0e3, type: 3}
      propertyPath: m_AnchoredPosition.x
      value: 398.5105
      objectReference: {fileID: 0}
    - target: {fileID: 7986809302245659631, guid: f899ddb33d3b6814a9e439dd7113c0e3, type: 3}
      propertyPath: m_AnchoredPosition.y
      value: 0
      objectReference: {fileID: 0}
    - target: {fileID: 8890596091420250487, guid: f899ddb33d3b6814a9e439dd7113c0e3, type: 3}
      propertyPath: m_SizeDelta.y
      value: 0
      objectReference: {fileID: 0}
    - target: {fileID: 8890596091632380957, guid: f899ddb33d3b6814a9e439dd7113c0e3, type: 3}
      propertyPath: m_Name
      value: Dialogue
      objectReference: {fileID: 0}
    - target: {fileID: 8890596091632380958, guid: f899ddb33d3b6814a9e439dd7113c0e3, type: 3}
      propertyPath: m_Pivot.x
      value: 1
      objectReference: {fileID: 0}
    - target: {fileID: 8890596091632380958, guid: f899ddb33d3b6814a9e439dd7113c0e3, type: 3}
      propertyPath: m_Pivot.y
      value: 1
      objectReference: {fileID: 0}
    - target: {fileID: 8890596091632380958, guid: f899ddb33d3b6814a9e439dd7113c0e3, type: 3}
      propertyPath: m_RootOrder
      value: 0
      objectReference: {fileID: 0}
    - target: {fileID: 8890596091632380958, guid: f899ddb33d3b6814a9e439dd7113c0e3, type: 3}
      propertyPath: m_AnchorMax.x
      value: 1
      objectReference: {fileID: 0}
    - target: {fileID: 8890596091632380958, guid: f899ddb33d3b6814a9e439dd7113c0e3, type: 3}
      propertyPath: m_AnchorMax.y
      value: 1
      objectReference: {fileID: 0}
    - target: {fileID: 8890596091632380958, guid: f899ddb33d3b6814a9e439dd7113c0e3, type: 3}
      propertyPath: m_AnchorMin.x
      value: 1
      objectReference: {fileID: 0}
    - target: {fileID: 8890596091632380958, guid: f899ddb33d3b6814a9e439dd7113c0e3, type: 3}
      propertyPath: m_AnchorMin.y
      value: 0
      objectReference: {fileID: 0}
    - target: {fileID: 8890596091632380958, guid: f899ddb33d3b6814a9e439dd7113c0e3, type: 3}
      propertyPath: m_SizeDelta.x
      value: 797.021
      objectReference: {fileID: 0}
    - target: {fileID: 8890596091632380958, guid: f899ddb33d3b6814a9e439dd7113c0e3, type: 3}
      propertyPath: m_SizeDelta.y
      value: -50
      objectReference: {fileID: 0}
    - target: {fileID: 8890596091632380958, guid: f899ddb33d3b6814a9e439dd7113c0e3, type: 3}
      propertyPath: m_LocalPosition.x
      value: 0
      objectReference: {fileID: 0}
    - target: {fileID: 8890596091632380958, guid: f899ddb33d3b6814a9e439dd7113c0e3, type: 3}
      propertyPath: m_LocalPosition.y
      value: 0
      objectReference: {fileID: 0}
    - target: {fileID: 8890596091632380958, guid: f899ddb33d3b6814a9e439dd7113c0e3, type: 3}
      propertyPath: m_LocalPosition.z
      value: 0
      objectReference: {fileID: 0}
    - target: {fileID: 8890596091632380958, guid: f899ddb33d3b6814a9e439dd7113c0e3, type: 3}
      propertyPath: m_LocalRotation.w
      value: 1
      objectReference: {fileID: 0}
    - target: {fileID: 8890596091632380958, guid: f899ddb33d3b6814a9e439dd7113c0e3, type: 3}
      propertyPath: m_LocalRotation.x
      value: 0
      objectReference: {fileID: 0}
    - target: {fileID: 8890596091632380958, guid: f899ddb33d3b6814a9e439dd7113c0e3, type: 3}
      propertyPath: m_LocalRotation.y
      value: 0
      objectReference: {fileID: 0}
    - target: {fileID: 8890596091632380958, guid: f899ddb33d3b6814a9e439dd7113c0e3, type: 3}
      propertyPath: m_LocalRotation.z
      value: 0
      objectReference: {fileID: 0}
    - target: {fileID: 8890596091632380958, guid: f899ddb33d3b6814a9e439dd7113c0e3, type: 3}
      propertyPath: m_AnchoredPosition.x
      value: 0
      objectReference: {fileID: 0}
    - target: {fileID: 8890596091632380958, guid: f899ddb33d3b6814a9e439dd7113c0e3, type: 3}
      propertyPath: m_AnchoredPosition.y
      value: -50
      objectReference: {fileID: 0}
    - target: {fileID: 8890596091632380958, guid: f899ddb33d3b6814a9e439dd7113c0e3, type: 3}
      propertyPath: m_LocalEulerAnglesHint.x
      value: 0
      objectReference: {fileID: 0}
    - target: {fileID: 8890596091632380958, guid: f899ddb33d3b6814a9e439dd7113c0e3, type: 3}
      propertyPath: m_LocalEulerAnglesHint.y
      value: 0
      objectReference: {fileID: 0}
    - target: {fileID: 8890596091632380958, guid: f899ddb33d3b6814a9e439dd7113c0e3, type: 3}
      propertyPath: m_LocalEulerAnglesHint.z
      value: 0
      objectReference: {fileID: 0}
    - target: {fileID: 8890596091632381024, guid: f899ddb33d3b6814a9e439dd7113c0e3, type: 3}
      propertyPath: onDialogueEnd.m_PersistentCalls.m_Calls.Array.size
      value: 1
      objectReference: {fileID: 0}
    - target: {fileID: 8890596091632381024, guid: f899ddb33d3b6814a9e439dd7113c0e3, type: 3}
      propertyPath: onDialogueEnd.m_PersistentCalls.m_Calls.Array.data[0].m_Mode
      value: 5
      objectReference: {fileID: 0}
    - target: {fileID: 8890596091632381024, guid: f899ddb33d3b6814a9e439dd7113c0e3, type: 3}
      propertyPath: onDialogueEnd.m_PersistentCalls.m_Calls.Array.data[0].m_Target
      value: 
      objectReference: {fileID: 6323941845336829854}
    - target: {fileID: 8890596091632381024, guid: f899ddb33d3b6814a9e439dd7113c0e3, type: 3}
      propertyPath: onDialogueEnd.m_PersistentCalls.m_Calls.Array.data[0].m_CallState
      value: 2
      objectReference: {fileID: 0}
    - target: {fileID: 8890596091632381024, guid: f899ddb33d3b6814a9e439dd7113c0e3, type: 3}
      propertyPath: onDialogueEnd.m_PersistentCalls.m_Calls.Array.data[0].m_MethodName
      value: TriggerUnityEvent
      objectReference: {fileID: 0}
    - target: {fileID: 8890596091632381024, guid: f899ddb33d3b6814a9e439dd7113c0e3, type: 3}
      propertyPath: onDialogueEnd.m_PersistentCalls.m_Calls.Array.data[0].m_TargetAssemblyTypeName
      value: Bolt.EventMachine`2[[Bolt.FlowGraph, Bolt.Flow.Runtime
      objectReference: {fileID: 0}
    - target: {fileID: 8890596091632381024, guid: f899ddb33d3b6814a9e439dd7113c0e3, type: 3}
      propertyPath: onDialogueEnd.m_PersistentCalls.m_Calls.Array.data[0].m_Arguments.m_StringArgument
      value: Click
      objectReference: {fileID: 0}
    - target: {fileID: 8890596091632381024, guid: f899ddb33d3b6814a9e439dd7113c0e3, type: 3}
      propertyPath: onDialogueEnd.m_PersistentCalls.m_Calls.Array.data[0].m_Arguments.m_ObjectArgumentAssemblyTypeName
      value: UnityEngine.Object, UnityEngine
      objectReference: {fileID: 0}
    - target: {fileID: 8890596091632381025, guid: f899ddb33d3b6814a9e439dd7113c0e3, type: 3}
      propertyPath: startAutomatically
      value: 1
      objectReference: {fileID: 0}
    - target: {fileID: 8890596091632381025, guid: f899ddb33d3b6814a9e439dd7113c0e3, type: 3}
      propertyPath: yarnScripts.Array.size
      value: 1
      objectReference: {fileID: 0}
    - target: {fileID: 8890596091632381025, guid: f899ddb33d3b6814a9e439dd7113c0e3, type: 3}
      propertyPath: yarnScripts.Array.data[0]
      value: 
      objectReference: {fileID: 2480198943629176163, guid: d1ac0d0ce8d3bae4caf03fb3ee2c50fe, type: 3}
    m_RemovedComponents: []
  m_SourcePrefab: {fileID: 100100000, guid: f899ddb33d3b6814a9e439dd7113c0e3, type: 3}
--- !u!224 &3991279215108692625 stripped
RectTransform:
  m_CorrespondingSourceObject: {fileID: 8890596091632380958, guid: f899ddb33d3b6814a9e439dd7113c0e3, type: 3}
  m_PrefabInstance: {fileID: 5477047053816002191}
  m_PrefabAsset: {fileID: 0}
