%YAML 1.1
%TAG !u! tag:unity3d.com,2011:
--- !u!29 &1
OcclusionCullingSettings:
  m_ObjectHideFlags: 0
  serializedVersion: 2
  m_OcclusionBakeSettings:
    smallestOccluder: 5
    smallestHole: 0.25
    backfaceThreshold: 100
  m_SceneGUID: 00000000000000000000000000000000
  m_OcclusionCullingData: {fileID: 0}
--- !u!104 &2
RenderSettings:
  m_ObjectHideFlags: 0
  serializedVersion: 9
  m_Fog: 0
  m_FogColor: {r: 0.5, g: 0.5, b: 0.5, a: 1}
  m_FogMode: 3
  m_FogDensity: 0.01
  m_LinearFogStart: 0
  m_LinearFogEnd: 300
  m_AmbientSkyColor: {r: 0.212, g: 0.227, b: 0.259, a: 1}
  m_AmbientEquatorColor: {r: 0.114, g: 0.125, b: 0.133, a: 1}
  m_AmbientGroundColor: {r: 0.047, g: 0.043, b: 0.035, a: 1}
  m_AmbientIntensity: 3.28
  m_AmbientMode: 0
  m_SubtractiveShadowColor: {r: 0.42, g: 0.478, b: 0.627, a: 1}
  m_SkyboxMaterial: {fileID: 10304, guid: 0000000000000000f000000000000000, type: 0}
  m_HaloStrength: 0.5
  m_FlareStrength: 1
  m_FlareFadeSpeed: 3
  m_HaloTexture: {fileID: 0}
  m_SpotCookie: {fileID: 10001, guid: 0000000000000000e000000000000000, type: 0}
  m_DefaultReflectionMode: 0
  m_DefaultReflectionResolution: 128
  m_ReflectionBounces: 1
  m_ReflectionIntensity: 1
  m_CustomReflection: {fileID: 0}
  m_Sun: {fileID: 0}
  m_IndirectSpecularColor: {r: 0.44808185, g: 0.49809152, b: 0.57553357, a: 1}
  m_UseRadianceAmbientProbe: 0
--- !u!157 &3
LightmapSettings:
  m_ObjectHideFlags: 0
  serializedVersion: 12
  m_GIWorkflowMode: 0
  m_GISettings:
    serializedVersion: 2
    m_BounceScale: 1
    m_IndirectOutputScale: 1
    m_AlbedoBoost: 1
    m_EnvironmentLightingMode: 0
    m_EnableBakedLightmaps: 1
    m_EnableRealtimeLightmaps: 0
  m_LightmapEditorSettings:
    serializedVersion: 12
    m_Resolution: 2
    m_BakeResolution: 10
    m_AtlasSize: 512
    m_AO: 0
    m_AOMaxDistance: 1
    m_CompAOExponent: 1
    m_CompAOExponentDirect: 0
    m_ExtractAmbientOcclusion: 0
    m_Padding: 2
    m_LightmapParameters: {fileID: 0}
    m_LightmapsBakeMode: 1
    m_TextureCompression: 1
    m_FinalGather: 0
    m_FinalGatherFiltering: 1
    m_FinalGatherRayCount: 256
    m_ReflectionCompression: 2
    m_MixedBakeMode: 2
    m_BakeBackend: 1
    m_PVRSampling: 1
    m_PVRDirectSampleCount: 32
    m_PVRSampleCount: 256
    m_PVRBounces: 2
    m_PVREnvironmentSampleCount: 256
    m_PVREnvironmentReferencePointCount: 2048
    m_PVRFilteringMode: 2
    m_PVRDenoiserTypeDirect: 0
    m_PVRDenoiserTypeIndirect: 0
    m_PVRDenoiserTypeAO: 0
    m_PVRFilterTypeDirect: 0
    m_PVRFilterTypeIndirect: 0
    m_PVRFilterTypeAO: 0
    m_PVREnvironmentMIS: 0
    m_PVRCulling: 1
    m_PVRFilteringGaussRadiusDirect: 1
    m_PVRFilteringGaussRadiusIndirect: 5
    m_PVRFilteringGaussRadiusAO: 2
    m_PVRFilteringAtrousPositionSigmaDirect: 0.5
    m_PVRFilteringAtrousPositionSigmaIndirect: 2
    m_PVRFilteringAtrousPositionSigmaAO: 1
    m_ExportTrainingData: 0
    m_TrainingDataDestination: TrainingData
    m_LightProbeSampleCountMultiplier: 4
  m_LightingDataAsset: {fileID: 0}
  m_LightingSettings: {fileID: 4890085278179872738, guid: e5f3a9863f3737440a4704f016a7bf56, type: 2}
--- !u!196 &4
NavMeshSettings:
  serializedVersion: 2
  m_ObjectHideFlags: 0
  m_BuildSettings:
    serializedVersion: 2
    agentTypeID: 0
    agentRadius: 0.5
    agentHeight: 2
    agentSlope: 45
    agentClimb: 0.4
    ledgeDropHeight: 0
    maxJumpAcrossDistance: 0
    minRegionArea: 2
    manualCellSize: 0
    cellSize: 0.16666667
    manualTileSize: 0
    tileSize: 256
    accuratePlacement: 0
    maxJobWorkers: 0
    preserveTilesOutsideBounds: 0
    debug:
      m_Flags: 0
  m_NavMeshData: {fileID: 0}
--- !u!1 &100597251
GameObject:
  m_ObjectHideFlags: 0
  m_CorrespondingSourceObject: {fileID: 0}
  m_PrefabInstance: {fileID: 0}
  m_PrefabAsset: {fileID: 0}
  serializedVersion: 6
  m_Component:
  - component: {fileID: 100597252}
  m_Layer: 0
  m_Name: idk
  m_TagString: Untagged
  m_Icon: {fileID: 0}
  m_NavMeshLayer: 0
  m_StaticEditorFlags: 0
  m_IsActive: 1
--- !u!4 &100597252
Transform:
  m_ObjectHideFlags: 0
  m_CorrespondingSourceObject: {fileID: 0}
  m_PrefabInstance: {fileID: 0}
  m_PrefabAsset: {fileID: 0}
  m_GameObject: {fileID: 100597251}
  m_LocalRotation: {x: 0, y: 0, z: 0, w: 1}
  m_LocalPosition: {x: -5.72, y: 0, z: 0.85}
  m_LocalScale: {x: 1, y: 1, z: 1}
  m_Children:
  - {fileID: 6314305127705641611}
  m_Father: {fileID: 0}
  m_RootOrder: 6
  m_LocalEulerAnglesHint: {x: 0, y: 0, z: 0}
--- !u!1 &170076733
GameObject:
  m_ObjectHideFlags: 0
  m_CorrespondingSourceObject: {fileID: 0}
  m_PrefabInstance: {fileID: 0}
  m_PrefabAsset: {fileID: 0}
  serializedVersion: 6
  m_Component:
  - component: {fileID: 170076735}
  - component: {fileID: 170076734}
  m_Layer: 0
  m_Name: Directional Light
  m_TagString: Untagged
  m_Icon: {fileID: 0}
  m_NavMeshLayer: 0
  m_StaticEditorFlags: 0
  m_IsActive: 1
--- !u!108 &170076734
Light:
  m_ObjectHideFlags: 0
  m_CorrespondingSourceObject: {fileID: 0}
  m_PrefabInstance: {fileID: 0}
  m_PrefabAsset: {fileID: 0}
  m_GameObject: {fileID: 170076733}
  m_Enabled: 1
  serializedVersion: 10
  m_Type: 1
  m_Shape: 0
  m_Color: {r: 1, g: 0.95686275, b: 0.8392157, a: 1}
  m_Intensity: 1.02
  m_Range: 10
  m_SpotAngle: 30
  m_InnerSpotAngle: 21.80208
  m_CookieSize: 10
  m_Shadows:
    m_Type: 2
    m_Resolution: -1
    m_CustomResolution: -1
    m_Strength: 0.776
    m_Bias: 0
    m_NormalBias: 1
    m_NearPlane: 0.1
    m_CullingMatrixOverride:
      e00: 1
      e01: 0
      e02: 0
      e03: 0
      e10: 0
      e11: 1
      e12: 0
      e13: 0
      e20: 0
      e21: 0
      e22: 1
      e23: 0
      e30: 0
      e31: 0
      e32: 0
      e33: 1
    m_UseCullingMatrixOverride: 0
  m_Cookie: {fileID: 0}
  m_DrawHalo: 0
  m_Flare: {fileID: 0}
  m_RenderMode: 0
  m_CullingMask:
    serializedVersion: 2
    m_Bits: 4294967295
  m_RenderingLayerMask: 1
  m_Lightmapping: 4
  m_LightShadowCasterMode: 0
  m_AreaSize: {x: 1, y: 1}
  m_BounceIntensity: 0.57
  m_ColorTemperature: 6570
  m_UseColorTemperature: 0
  m_BoundingSphereOverride: {x: 0, y: 0, z: 0, w: 0}
  m_UseBoundingSphereOverride: 0
  m_UseViewFrustumForShadowCasterCull: 1
  m_ShadowRadius: 0
  m_ShadowAngle: 0
--- !u!4 &170076735
Transform:
  m_ObjectHideFlags: 0
  m_CorrespondingSourceObject: {fileID: 0}
  m_PrefabInstance: {fileID: 0}
  m_PrefabAsset: {fileID: 0}
  m_GameObject: {fileID: 170076733}
  m_LocalRotation: {x: 0.7218932, y: -0.24075136, z: 0.5737056, w: 0.30293718}
  m_LocalPosition: {x: 0, y: 3, z: 0}
  m_LocalScale: {x: 1, y: 1, z: 1}
  m_Children: []
  m_Father: {fileID: 0}
  m_RootOrder: 1
  m_LocalEulerAnglesHint: {x: 134.47, y: -76.95, z: 0}
--- !u!1 &282840810
GameObject:
  m_ObjectHideFlags: 0
  m_CorrespondingSourceObject: {fileID: 0}
  m_PrefabInstance: {fileID: 0}
  m_PrefabAsset: {fileID: 0}
  serializedVersion: 6
  m_Component:
  - component: {fileID: 282840814}
  - component: {fileID: 282840813}
  - component: {fileID: 282840811}
  m_Layer: 0
  m_Name: Main Camera
  m_TagString: MainCamera
  m_Icon: {fileID: 0}
  m_NavMeshLayer: 0
  m_StaticEditorFlags: 0
  m_IsActive: 1
--- !u!81 &282840811
AudioListener:
  m_ObjectHideFlags: 0
  m_CorrespondingSourceObject: {fileID: 0}
  m_PrefabInstance: {fileID: 0}
  m_PrefabAsset: {fileID: 0}
  m_GameObject: {fileID: 282840810}
  m_Enabled: 1
--- !u!20 &282840813
Camera:
  m_ObjectHideFlags: 0
  m_CorrespondingSourceObject: {fileID: 0}
  m_PrefabInstance: {fileID: 0}
  m_PrefabAsset: {fileID: 0}
  m_GameObject: {fileID: 282840810}
  m_Enabled: 1
  serializedVersion: 2
  m_ClearFlags: 1
  m_BackGroundColor: {r: 0.19215687, g: 0.3019608, b: 0.4745098, a: 0}
  m_projectionMatrixMode: 1
  m_GateFitMode: 2
  m_FOVAxisMode: 0
  m_SensorSize: {x: 36, y: 24}
  m_LensShift: {x: 0, y: 0}
  m_FocalLength: 50
  m_NormalizedViewPortRect:
    serializedVersion: 2
    x: 0
    y: 0
    width: 1
    height: 1
  near clip plane: 0.3
  far clip plane: 1000
  field of view: 60
  orthographic: 0
  orthographic size: 5
  m_Depth: -1
  m_CullingMask:
    serializedVersion: 2
    m_Bits: 4294967295
  m_RenderingPath: -1
  m_TargetTexture: {fileID: 0}
  m_TargetDisplay: 0
  m_TargetEye: 3
  m_HDR: 1
  m_AllowMSAA: 1
  m_AllowDynamicResolution: 0
  m_ForceIntoRT: 1
  m_OcclusionCulling: 1
  m_StereoConvergence: 10
  m_StereoSeparation: 0.022
--- !u!4 &282840814
Transform:
  m_ObjectHideFlags: 0
  m_CorrespondingSourceObject: {fileID: 0}
  m_PrefabInstance: {fileID: 0}
  m_PrefabAsset: {fileID: 0}
  m_GameObject: {fileID: 282840810}
  m_LocalRotation: {x: 0, y: 0, z: 0, w: 1}
  m_LocalPosition: {x: 0, y: 1, z: -10}
  m_LocalScale: {x: 1, y: 1, z: 1}
  m_Children: []
  m_Father: {fileID: 0}
  m_RootOrder: 0
  m_LocalEulerAnglesHint: {x: 0, y: 0, z: 0}
--- !u!1 &376820575
GameObject:
  m_ObjectHideFlags: 0
  m_CorrespondingSourceObject: {fileID: 0}
  m_PrefabInstance: {fileID: 0}
  m_PrefabAsset: {fileID: 0}
  serializedVersion: 6
  m_Component:
  - component: {fileID: 376820579}
  - component: {fileID: 376820578}
  - component: {fileID: 376820577}
  - component: {fileID: 376820576}
  m_Layer: 0
  m_Name: ground temp
  m_TagString: Untagged
  m_Icon: {fileID: 0}
  m_NavMeshLayer: 0
  m_StaticEditorFlags: 0
  m_IsActive: 1
--- !u!65 &376820576
BoxCollider:
  m_ObjectHideFlags: 0
  m_CorrespondingSourceObject: {fileID: 0}
  m_PrefabInstance: {fileID: 0}
  m_PrefabAsset: {fileID: 0}
  m_GameObject: {fileID: 376820575}
  m_Material: {fileID: 0}
  m_IsTrigger: 0
  m_Enabled: 1
  serializedVersion: 2
  m_Size: {x: 1, y: 1, z: 1}
  m_Center: {x: 0, y: 0, z: 0}
--- !u!23 &376820577
MeshRenderer:
  m_ObjectHideFlags: 0
  m_CorrespondingSourceObject: {fileID: 0}
  m_PrefabInstance: {fileID: 0}
  m_PrefabAsset: {fileID: 0}
  m_GameObject: {fileID: 376820575}
  m_Enabled: 1
  m_CastShadows: 1
  m_ReceiveShadows: 1
  m_DynamicOccludee: 1
  m_MotionVectors: 1
  m_LightProbeUsage: 1
  m_ReflectionProbeUsage: 1
  m_RayTracingMode: 2
  m_RayTraceProcedural: 0
  m_RenderingLayerMask: 4294967295
  m_RendererPriority: 0
  m_Materials:
  - {fileID: 2100000, guid: a1f457bc4a2f1fe42bded18a0f8251a3, type: 2}
  m_StaticBatchInfo:
    firstSubMesh: 0
    subMeshCount: 0
  m_StaticBatchRoot: {fileID: 0}
  m_ProbeAnchor: {fileID: 0}
  m_LightProbeVolumeOverride: {fileID: 0}
  m_ScaleInLightmap: 1
  m_ReceiveGI: 1
  m_PreserveUVs: 0
  m_IgnoreNormalsForChartDetection: 0
  m_ImportantGI: 0
  m_StitchLightmapSeams: 0
  m_SelectedEditorRenderState: 3
  m_MinimumChartSize: 4
  m_AutoUVMaxDistance: 0.5
  m_AutoUVMaxAngle: 89
  m_LightmapParameters: {fileID: 0}
  m_SortingLayerID: 0
  m_SortingLayer: 0
  m_SortingOrder: 0
  m_AdditionalVertexStreams: {fileID: 0}
--- !u!33 &376820578
MeshFilter:
  m_ObjectHideFlags: 0
  m_CorrespondingSourceObject: {fileID: 0}
  m_PrefabInstance: {fileID: 0}
  m_PrefabAsset: {fileID: 0}
  m_GameObject: {fileID: 376820575}
  m_Mesh: {fileID: 10202, guid: 0000000000000000e000000000000000, type: 0}
--- !u!4 &376820579
Transform:
  m_ObjectHideFlags: 0
  m_CorrespondingSourceObject: {fileID: 0}
  m_PrefabInstance: {fileID: 0}
  m_PrefabAsset: {fileID: 0}
  m_GameObject: {fileID: 376820575}
  m_LocalRotation: {x: -0, y: 0.32903233, z: -0, w: 0.9443187}
  m_LocalPosition: {x: 16.45, y: -7.58, z: 2.31}
  m_LocalScale: {x: 79.12942, y: 10.6206875, z: 49.682575}
  m_Children: []
  m_Father: {fileID: 0}
  m_RootOrder: 8
  m_LocalEulerAnglesHint: {x: 0, y: 38.420002, z: 0}
--- !u!1 &391915151
GameObject:
  m_ObjectHideFlags: 0
  m_CorrespondingSourceObject: {fileID: 0}
  m_PrefabInstance: {fileID: 0}
  m_PrefabAsset: {fileID: 0}
  serializedVersion: 6
  m_Component:
  - component: {fileID: 391915152}
  m_Layer: 0
  m_Name: plumpy
  m_TagString: Untagged
  m_Icon: {fileID: 0}
  m_NavMeshLayer: 0
  m_StaticEditorFlags: 0
  m_IsActive: 1
--- !u!4 &391915152
Transform:
  m_ObjectHideFlags: 0
  m_CorrespondingSourceObject: {fileID: 0}
  m_PrefabInstance: {fileID: 0}
  m_PrefabAsset: {fileID: 0}
  m_GameObject: {fileID: 391915151}
  m_LocalRotation: {x: 0, y: 0, z: 0, w: 1}
  m_LocalPosition: {x: 4.9, y: 0, z: -1}
  m_LocalScale: {x: 1, y: 1, z: 1}
  m_Children:
  - {fileID: 7370816178647940245}
  - {fileID: 8770336687702194813}
  - {fileID: 7201432550831003141}
  m_Father: {fileID: 0}
  m_RootOrder: 7
  m_LocalEulerAnglesHint: {x: 0, y: 0, z: 0}
--- !u!1 &555693384
GameObject:
  m_ObjectHideFlags: 0
  m_CorrespondingSourceObject: {fileID: 0}
  m_PrefabInstance: {fileID: 0}
  m_PrefabAsset: {fileID: 0}
  serializedVersion: 6
  m_Component:
  - component: {fileID: 555693385}
  m_Layer: 0
  m_Name: Shorty
  m_TagString: Untagged
  m_Icon: {fileID: 0}
  m_NavMeshLayer: 0
  m_StaticEditorFlags: 0
  m_IsActive: 1
--- !u!4 &555693385
Transform:
  m_ObjectHideFlags: 0
  m_CorrespondingSourceObject: {fileID: 0}
  m_PrefabInstance: {fileID: 0}
  m_PrefabAsset: {fileID: 0}
  m_GameObject: {fileID: 555693384}
  m_LocalRotation: {x: 0, y: 0, z: 0, w: 1}
  m_LocalPosition: {x: -0.2, y: 0, z: -0.2}
  m_LocalScale: {x: 1, y: 1, z: 1}
  m_Children:
  - {fileID: 4347554854305215535}
  - {fileID: 870488074246941927}
  m_Father: {fileID: 0}
  m_RootOrder: 5
  m_LocalEulerAnglesHint: {x: 0, y: 0, z: 0}
--- !u!1 &653353357
GameObject:
  m_ObjectHideFlags: 0
  m_CorrespondingSourceObject: {fileID: 0}
  m_PrefabInstance: {fileID: 0}
  m_PrefabAsset: {fileID: 0}
  serializedVersion: 6
  m_Component:
  - component: {fileID: 653353358}
  m_Layer: 0
  m_Name: Spiky
  m_TagString: Untagged
  m_Icon: {fileID: 0}
  m_NavMeshLayer: 0
  m_StaticEditorFlags: 0
  m_IsActive: 1
--- !u!4 &653353358
Transform:
  m_ObjectHideFlags: 0
  m_CorrespondingSourceObject: {fileID: 0}
  m_PrefabInstance: {fileID: 0}
  m_PrefabAsset: {fileID: 0}
  m_GameObject: {fileID: 653353357}
  m_LocalRotation: {x: 0, y: 0, z: 0, w: 1}
  m_LocalPosition: {x: -12.4, y: 0, z: 10}
  m_LocalScale: {x: 1, y: 1, z: 1}
  m_Children:
  - {fileID: 796841696319238667}
  - {fileID: 2609372761494694982}
  - {fileID: 3744746803784299022}
  - {fileID: 7355746148853321523}
  m_Father: {fileID: 0}
  m_RootOrder: 3
  m_LocalEulerAnglesHint: {x: 0, y: 0, z: 0}
--- !u!1 &1102479677
GameObject:
  m_ObjectHideFlags: 0
  m_CorrespondingSourceObject: {fileID: 0}
  m_PrefabInstance: {fileID: 0}
  m_PrefabAsset: {fileID: 0}
  serializedVersion: 6
  m_Component:
  - component: {fileID: 1102479678}
  m_Layer: 0
  m_Name: Fixed
  m_TagString: Untagged
  m_Icon: {fileID: 0}
  m_NavMeshLayer: 0
  m_StaticEditorFlags: 0
  m_IsActive: 1
--- !u!4 &1102479678
Transform:
  m_ObjectHideFlags: 0
  m_CorrespondingSourceObject: {fileID: 0}
  m_PrefabInstance: {fileID: 0}
  m_PrefabAsset: {fileID: 0}
  m_GameObject: {fileID: 1102479677}
  m_LocalRotation: {x: -0, y: -0, z: -0, w: 1}
  m_LocalPosition: {x: 0, y: 0, z: 0}
  m_LocalScale: {x: 1, y: 1, z: 1}
  m_Children:
  - {fileID: 1694206093}
  m_Father: {fileID: 0}
  m_RootOrder: 4
  m_LocalEulerAnglesHint: {x: 0, y: 0, z: 0}
--- !u!1 &1691563542
GameObject:
  m_ObjectHideFlags: 0
  m_CorrespondingSourceObject: {fileID: 0}
  m_PrefabInstance: {fileID: 0}
  m_PrefabAsset: {fileID: 0}
  serializedVersion: 6
  m_Component:
  - component: {fileID: 1691563546}
  - component: {fileID: 1691563545}
  - component: {fileID: 1691563544}
  - component: {fileID: 1691563543}
  m_Layer: 0
  m_Name: backgr temp
  m_TagString: Untagged
  m_Icon: {fileID: 0}
  m_NavMeshLayer: 0
  m_StaticEditorFlags: 0
  m_IsActive: 1
--- !u!65 &1691563543
BoxCollider:
  m_ObjectHideFlags: 0
  m_CorrespondingSourceObject: {fileID: 0}
  m_PrefabInstance: {fileID: 0}
  m_PrefabAsset: {fileID: 0}
  m_GameObject: {fileID: 1691563542}
  m_Material: {fileID: 0}
  m_IsTrigger: 0
  m_Enabled: 1
  serializedVersion: 2
  m_Size: {x: 1, y: 1, z: 1}
  m_Center: {x: 0, y: 0, z: 0}
--- !u!23 &1691563544
MeshRenderer:
  m_ObjectHideFlags: 0
  m_CorrespondingSourceObject: {fileID: 0}
  m_PrefabInstance: {fileID: 0}
  m_PrefabAsset: {fileID: 0}
  m_GameObject: {fileID: 1691563542}
  m_Enabled: 1
  m_CastShadows: 1
  m_ReceiveShadows: 1
  m_DynamicOccludee: 1
  m_MotionVectors: 1
  m_LightProbeUsage: 1
  m_ReflectionProbeUsage: 1
  m_RayTracingMode: 2
  m_RayTraceProcedural: 0
  m_RenderingLayerMask: 4294967295
  m_RendererPriority: 0
  m_Materials:
  - {fileID: 2100000, guid: b6e794757e9154a489eb88ec16bf9d5b, type: 2}
  m_StaticBatchInfo:
    firstSubMesh: 0
    subMeshCount: 0
  m_StaticBatchRoot: {fileID: 0}
  m_ProbeAnchor: {fileID: 0}
  m_LightProbeVolumeOverride: {fileID: 0}
  m_ScaleInLightmap: 1
  m_ReceiveGI: 1
  m_PreserveUVs: 0
  m_IgnoreNormalsForChartDetection: 0
  m_ImportantGI: 0
  m_StitchLightmapSeams: 0
  m_SelectedEditorRenderState: 3
  m_MinimumChartSize: 4
  m_AutoUVMaxDistance: 0.5
  m_AutoUVMaxAngle: 89
  m_LightmapParameters: {fileID: 0}
  m_SortingLayerID: 0
  m_SortingLayer: 0
  m_SortingOrder: 0
  m_AdditionalVertexStreams: {fileID: 0}
--- !u!33 &1691563545
MeshFilter:
  m_ObjectHideFlags: 0
  m_CorrespondingSourceObject: {fileID: 0}
  m_PrefabInstance: {fileID: 0}
  m_PrefabAsset: {fileID: 0}
  m_GameObject: {fileID: 1691563542}
  m_Mesh: {fileID: 10202, guid: 0000000000000000e000000000000000, type: 0}
--- !u!4 &1691563546
Transform:
  m_ObjectHideFlags: 0
  m_CorrespondingSourceObject: {fileID: 0}
  m_PrefabInstance: {fileID: 0}
  m_PrefabAsset: {fileID: 0}
  m_GameObject: {fileID: 1691563542}
  m_LocalRotation: {x: -0.16225043, y: 0.6041708, z: -0.7672394, w: -0.14140785}
  m_LocalPosition: {x: 17.66, y: 17.47, z: 10.39}
  m_LocalScale: {x: 72.72978, y: 15.547505, z: 39.149498}
  m_Children: []
  m_Father: {fileID: 0}
  m_RootOrder: 2
  m_LocalEulerAnglesHint: {x: 103.35101, y: 199.769, z: -5.200989}
--- !u!4 &1694206093 stripped
Transform:
  m_CorrespondingSourceObject: {fileID: 4985851079920513742, guid: f14309890a1e37e43acaf67419b1f164, type: 3}
  m_PrefabInstance: {fileID: 4985851081592633923}
  m_PrefabAsset: {fileID: 0}
--- !u!1001 &796841696319238666
PrefabInstance:
  m_ObjectHideFlags: 0
  serializedVersion: 2
  m_Modification:
    m_TransformParent: {fileID: 653353358}
    m_Modifications:
    - target: {fileID: 796841696844516933, guid: d2d296b379f02c44db1b4a03dc8cef3a, type: 3}
      propertyPath: m_RootOrder
      value: 0
      objectReference: {fileID: 0}
    - target: {fileID: 796841696844516933, guid: d2d296b379f02c44db1b4a03dc8cef3a, type: 3}
      propertyPath: m_LocalScale.x
      value: 12.724761
      objectReference: {fileID: 0}
    - target: {fileID: 796841696844516933, guid: d2d296b379f02c44db1b4a03dc8cef3a, type: 3}
      propertyPath: m_LocalScale.y
      value: 5.1799817
      objectReference: {fileID: 0}
    - target: {fileID: 796841696844516933, guid: d2d296b379f02c44db1b4a03dc8cef3a, type: 3}
      propertyPath: m_LocalPosition.x
      value: 4.2948
      objectReference: {fileID: 0}
    - target: {fileID: 796841696844516933, guid: d2d296b379f02c44db1b4a03dc8cef3a, type: 3}
      propertyPath: m_LocalPosition.y
      value: -9.8788
      objectReference: {fileID: 0}
    - target: {fileID: 796841696844516933, guid: d2d296b379f02c44db1b4a03dc8cef3a, type: 3}
      propertyPath: m_LocalPosition.z
      value: 6.5184
      objectReference: {fileID: 0}
    - target: {fileID: 796841696844516933, guid: d2d296b379f02c44db1b4a03dc8cef3a, type: 3}
      propertyPath: m_LocalRotation.w
      value: 0.9755695
      objectReference: {fileID: 0}
    - target: {fileID: 796841696844516933, guid: d2d296b379f02c44db1b4a03dc8cef3a, type: 3}
      propertyPath: m_LocalRotation.x
      value: -0.033754293
      objectReference: {fileID: 0}
    - target: {fileID: 796841696844516933, guid: d2d296b379f02c44db1b4a03dc8cef3a, type: 3}
      propertyPath: m_LocalRotation.y
      value: -0.21685092
      objectReference: {fileID: 0}
    - target: {fileID: 796841696844516933, guid: d2d296b379f02c44db1b4a03dc8cef3a, type: 3}
      propertyPath: m_LocalRotation.z
      value: -0.010027901
      objectReference: {fileID: 0}
    - target: {fileID: 796841696844516933, guid: d2d296b379f02c44db1b4a03dc8cef3a, type: 3}
      propertyPath: m_LocalEulerAnglesHint.x
      value: -4.026
      objectReference: {fileID: 0}
    - target: {fileID: 796841696844516933, guid: d2d296b379f02c44db1b4a03dc8cef3a, type: 3}
      propertyPath: m_LocalEulerAnglesHint.y
      value: -745.054
      objectReference: {fileID: 0}
    - target: {fileID: 796841696844516933, guid: d2d296b379f02c44db1b4a03dc8cef3a, type: 3}
      propertyPath: m_LocalEulerAnglesHint.z
      value: -0.283
      objectReference: {fileID: 0}
    - target: {fileID: 796841696844616293, guid: d2d296b379f02c44db1b4a03dc8cef3a, type: 3}
      propertyPath: m_Name
      value: StandingStone_01_Spiky-Clean
      objectReference: {fileID: 0}
    m_RemovedComponents: []
  m_SourcePrefab: {fileID: 100100000, guid: d2d296b379f02c44db1b4a03dc8cef3a, type: 3}
--- !u!4 &796841696319238667 stripped
Transform:
  m_CorrespondingSourceObject: {fileID: 796841696844516933, guid: d2d296b379f02c44db1b4a03dc8cef3a, type: 3}
  m_PrefabInstance: {fileID: 796841696319238666}
  m_PrefabAsset: {fileID: 0}
--- !u!1001 &870488074246941926
PrefabInstance:
  m_ObjectHideFlags: 0
  serializedVersion: 2
  m_Modification:
    m_TransformParent: {fileID: 555693385}
    m_Modifications:
    - target: {fileID: 870488074557811088, guid: bc935625ec3541d4db5a8c396bb6ff56, type: 3}
      propertyPath: m_RootOrder
      value: 1
      objectReference: {fileID: 0}
    - target: {fileID: 870488074557811088, guid: bc935625ec3541d4db5a8c396bb6ff56, type: 3}
      propertyPath: m_LocalPosition.x
      value: 11.9
      objectReference: {fileID: 0}
    - target: {fileID: 870488074557811088, guid: bc935625ec3541d4db5a8c396bb6ff56, type: 3}
      propertyPath: m_LocalPosition.y
      value: 0.43
      objectReference: {fileID: 0}
    - target: {fileID: 870488074557811088, guid: bc935625ec3541d4db5a8c396bb6ff56, type: 3}
      propertyPath: m_LocalPosition.z
      value: 4.46
      objectReference: {fileID: 0}
    - target: {fileID: 870488074557811088, guid: bc935625ec3541d4db5a8c396bb6ff56, type: 3}
      propertyPath: m_LocalRotation.w
      value: -0.6675386
      objectReference: {fileID: 0}
    - target: {fileID: 870488074557811088, guid: bc935625ec3541d4db5a8c396bb6ff56, type: 3}
      propertyPath: m_LocalRotation.x
      value: -0.16308513
      objectReference: {fileID: 0}
    - target: {fileID: 870488074557811088, guid: bc935625ec3541d4db5a8c396bb6ff56, type: 3}
      propertyPath: m_LocalRotation.y
      value: -0.08956846
      objectReference: {fileID: 0}
    - target: {fileID: 870488074557811088, guid: bc935625ec3541d4db5a8c396bb6ff56, type: 3}
      propertyPath: m_LocalRotation.z
      value: -0.7209529
      objectReference: {fileID: 0}
    - target: {fileID: 870488074557811088, guid: bc935625ec3541d4db5a8c396bb6ff56, type: 3}
      propertyPath: m_LocalEulerAnglesHint.x
      value: 5.0820003
      objectReference: {fileID: 0}
    - target: {fileID: 870488074557811088, guid: bc935625ec3541d4db5a8c396bb6ff56, type: 3}
      propertyPath: m_LocalEulerAnglesHint.y
      value: -3579.137
      objectReference: {fileID: 0}
    - target: {fileID: 870488074557811088, guid: bc935625ec3541d4db5a8c396bb6ff56, type: 3}
      propertyPath: m_LocalEulerAnglesHint.z
      value: -264.658
      objectReference: {fileID: 0}
    - target: {fileID: 870488074557912496, guid: bc935625ec3541d4db5a8c396bb6ff56, type: 3}
      propertyPath: m_Name
      value: StandingStone_07_Short-Dirty
      objectReference: {fileID: 0}
    - target: {fileID: 870488074557912498, guid: bc935625ec3541d4db5a8c396bb6ff56, type: 3}
      propertyPath: m_IsActive
      value: 1
      objectReference: {fileID: 0}
    m_RemovedComponents: []
  m_SourcePrefab: {fileID: 100100000, guid: bc935625ec3541d4db5a8c396bb6ff56, type: 3}
--- !u!4 &870488074246941927 stripped
Transform:
  m_CorrespondingSourceObject: {fileID: 870488074557811088, guid: bc935625ec3541d4db5a8c396bb6ff56, type: 3}
  m_PrefabInstance: {fileID: 870488074246941926}
  m_PrefabAsset: {fileID: 0}
--- !u!1001 &2609372761494694981
PrefabInstance:
  m_ObjectHideFlags: 0
  serializedVersion: 2
  m_Modification:
    m_TransformParent: {fileID: 653353358}
    m_Modifications:
    - target: {fileID: 2609372762314123172, guid: d7eb51baf4275e84eaa5e6e6c7946c6c, type: 3}
      propertyPath: m_RootOrder
      value: 1
      objectReference: {fileID: 0}
    - target: {fileID: 2609372762314123172, guid: d7eb51baf4275e84eaa5e6e6c7946c6c, type: 3}
      propertyPath: m_LocalScale.x
      value: 7.7025733
      objectReference: {fileID: 0}
    - target: {fileID: 2609372762314123172, guid: d7eb51baf4275e84eaa5e6e6c7946c6c, type: 3}
      propertyPath: m_LocalScale.z
      value: 8.556107
      objectReference: {fileID: 0}
    - target: {fileID: 2609372762314123172, guid: d7eb51baf4275e84eaa5e6e6c7946c6c, type: 3}
      propertyPath: m_LocalPosition.x
      value: 8.6
      objectReference: {fileID: 0}
    - target: {fileID: 2609372762314123172, guid: d7eb51baf4275e84eaa5e6e6c7946c6c, type: 3}
      propertyPath: m_LocalPosition.y
      value: -8.8
      objectReference: {fileID: 0}
    - target: {fileID: 2609372762314123172, guid: d7eb51baf4275e84eaa5e6e6c7946c6c, type: 3}
      propertyPath: m_LocalPosition.z
      value: 1.1
      objectReference: {fileID: 0}
    - target: {fileID: 2609372762314123172, guid: d7eb51baf4275e84eaa5e6e6c7946c6c, type: 3}
      propertyPath: m_LocalRotation.w
      value: -0.8121407
      objectReference: {fileID: 0}
    - target: {fileID: 2609372762314123172, guid: d7eb51baf4275e84eaa5e6e6c7946c6c, type: 3}
      propertyPath: m_LocalRotation.x
      value: 0.02742112
      objectReference: {fileID: 0}
    - target: {fileID: 2609372762314123172, guid: d7eb51baf4275e84eaa5e6e6c7946c6c, type: 3}
      propertyPath: m_LocalRotation.y
      value: 0.5823779
      objectReference: {fileID: 0}
    - target: {fileID: 2609372762314123172, guid: d7eb51baf4275e84eaa5e6e6c7946c6c, type: 3}
      propertyPath: m_LocalRotation.z
      value: 0.02261949
      objectReference: {fileID: 0}
    - target: {fileID: 2609372762314123172, guid: d7eb51baf4275e84eaa5e6e6c7946c6c, type: 3}
      propertyPath: m_LocalEulerAnglesHint.x
      value: -4.065
      objectReference: {fileID: 0}
    - target: {fileID: 2609372762314123172, guid: d7eb51baf4275e84eaa5e6e6c7946c6c, type: 3}
      propertyPath: m_LocalEulerAnglesHint.y
      value: -1871.278
      objectReference: {fileID: 0}
    - target: {fileID: 2609372762314123172, guid: d7eb51baf4275e84eaa5e6e6c7946c6c, type: 3}
      propertyPath: m_LocalEulerAnglesHint.z
      value: -0.276
      objectReference: {fileID: 0}
    - target: {fileID: 2609372762314619780, guid: d7eb51baf4275e84eaa5e6e6c7946c6c, type: 3}
      propertyPath: m_Name
      value: StandingStone_02_Spiky-Dirty
      objectReference: {fileID: 0}
    m_RemovedComponents: []
  m_SourcePrefab: {fileID: 100100000, guid: d7eb51baf4275e84eaa5e6e6c7946c6c, type: 3}
--- !u!4 &2609372761494694982 stripped
Transform:
  m_CorrespondingSourceObject: {fileID: 2609372762314123172, guid: d7eb51baf4275e84eaa5e6e6c7946c6c, type: 3}
  m_PrefabInstance: {fileID: 2609372761494694981}
  m_PrefabAsset: {fileID: 0}
--- !u!1001 &3744746803784299021
PrefabInstance:
  m_ObjectHideFlags: 0
  serializedVersion: 2
  m_Modification:
    m_TransformParent: {fileID: 653353358}
    m_Modifications:
    - target: {fileID: 3744746804962423466, guid: f2bf82440ca523e4281c4567c1685d2e, type: 3}
      propertyPath: m_Name
      value: StandingStone_03_Spiky-Mossy
      objectReference: {fileID: 0}
    - target: {fileID: 3744746804962913930, guid: f2bf82440ca523e4281c4567c1685d2e, type: 3}
      propertyPath: m_RootOrder
      value: 2
      objectReference: {fileID: 0}
    - target: {fileID: 3744746804962913930, guid: f2bf82440ca523e4281c4567c1685d2e, type: 3}
      propertyPath: m_LocalScale.x
      value: 5.5504723
      objectReference: {fileID: 0}
    - target: {fileID: 3744746804962913930, guid: f2bf82440ca523e4281c4567c1685d2e, type: 3}
      propertyPath: m_LocalScale.z
      value: 8.649002
      objectReference: {fileID: 0}
    - target: {fileID: 3744746804962913930, guid: f2bf82440ca523e4281c4567c1685d2e, type: 3}
      propertyPath: m_LocalPosition.x
      value: 11.6
      objectReference: {fileID: 0}
    - target: {fileID: 3744746804962913930, guid: f2bf82440ca523e4281c4567c1685d2e, type: 3}
      propertyPath: m_LocalPosition.y
      value: -8.9
      objectReference: {fileID: 0}
    - target: {fileID: 3744746804962913930, guid: f2bf82440ca523e4281c4567c1685d2e, type: 3}
      propertyPath: m_LocalPosition.z
      value: -1.5
      objectReference: {fileID: 0}
    - target: {fileID: 3744746804962913930, guid: f2bf82440ca523e4281c4567c1685d2e, type: 3}
      propertyPath: m_LocalRotation.w
      value: 0.65879154
      objectReference: {fileID: 0}
    - target: {fileID: 3744746804962913930, guid: f2bf82440ca523e4281c4567c1685d2e, type: 3}
      propertyPath: m_LocalRotation.x
      value: -0.02367866
      objectReference: {fileID: 0}
    - target: {fileID: 3744746804962913930, guid: f2bf82440ca523e4281c4567c1685d2e, type: 3}
      propertyPath: m_LocalRotation.y
      value: -0.74988663
      objectReference: {fileID: 0}
    - target: {fileID: 3744746804962913930, guid: f2bf82440ca523e4281c4567c1685d2e, type: 3}
      propertyPath: m_LocalRotation.z
      value: -0.05570518
      objectReference: {fileID: 0}
    - target: {fileID: 3744746804962913930, guid: f2bf82440ca523e4281c4567c1685d2e, type: 3}
      propertyPath: m_LocalEulerAnglesHint.x
      value: -6.589
      objectReference: {fileID: 0}
    - target: {fileID: 3744746804962913930, guid: f2bf82440ca523e4281c4567c1685d2e, type: 3}
      propertyPath: m_LocalEulerAnglesHint.y
      value: -2977.274
      objectReference: {fileID: 0}
    - target: {fileID: 3744746804962913930, guid: f2bf82440ca523e4281c4567c1685d2e, type: 3}
      propertyPath: m_LocalEulerAnglesHint.z
      value: -2.186
      objectReference: {fileID: 0}
    m_RemovedComponents: []
  m_SourcePrefab: {fileID: 100100000, guid: f2bf82440ca523e4281c4567c1685d2e, type: 3}
--- !u!4 &3744746803784299022 stripped
Transform:
  m_CorrespondingSourceObject: {fileID: 3744746804962913930, guid: f2bf82440ca523e4281c4567c1685d2e, type: 3}
  m_PrefabInstance: {fileID: 3744746803784299021}
  m_PrefabAsset: {fileID: 0}
--- !u!1001 &4347554854305215534
PrefabInstance:
  m_ObjectHideFlags: 0
  serializedVersion: 2
  m_Modification:
    m_TransformParent: {fileID: 555693385}
    m_Modifications:
    - target: {fileID: 4347554854199168438, guid: 51625042da564584b8921654478d5c10, type: 3}
      propertyPath: m_Name
      value: StandingStone_06_Short-Mossy
      objectReference: {fileID: 0}
    - target: {fileID: 4347554854199529878, guid: 51625042da564584b8921654478d5c10, type: 3}
      propertyPath: m_RootOrder
      value: 0
      objectReference: {fileID: 0}
    - target: {fileID: 4347554854199529878, guid: 51625042da564584b8921654478d5c10, type: 3}
      propertyPath: m_LocalScale.x
      value: 0.7895907
      objectReference: {fileID: 0}
    - target: {fileID: 4347554854199529878, guid: 51625042da564584b8921654478d5c10, type: 3}
      propertyPath: m_LocalPosition.x
      value: 15.94
      objectReference: {fileID: 0}
    - target: {fileID: 4347554854199529878, guid: 51625042da564584b8921654478d5c10, type: 3}
      propertyPath: m_LocalPosition.y
      value: 0.29
      objectReference: {fileID: 0}
    - target: {fileID: 4347554854199529878, guid: 51625042da564584b8921654478d5c10, type: 3}
      propertyPath: m_LocalPosition.z
      value: 3.08
      objectReference: {fileID: 0}
    - target: {fileID: 4347554854199529878, guid: 51625042da564584b8921654478d5c10, type: 3}
      propertyPath: m_LocalRotation.w
      value: -0.7430723
      objectReference: {fileID: 0}
    - target: {fileID: 4347554854199529878, guid: 51625042da564584b8921654478d5c10, type: 3}
      propertyPath: m_LocalRotation.x
      value: -0.0033202814
      objectReference: {fileID: 0}
    - target: {fileID: 4347554854199529878, guid: 51625042da564584b8921654478d5c10, type: 3}
      propertyPath: m_LocalRotation.y
      value: -0.030087199
      objectReference: {fileID: 0}
    - target: {fileID: 4347554854199529878, guid: 51625042da564584b8921654478d5c10, type: 3}
      propertyPath: m_LocalRotation.z
      value: -0.6685263
      objectReference: {fileID: 0}
    - target: {fileID: 4347554854199529878, guid: 51625042da564584b8921654478d5c10, type: 3}
      propertyPath: m_LocalEulerAnglesHint.x
      value: -2.023
      objectReference: {fileID: 0}
    - target: {fileID: 4347554854199529878, guid: 51625042da564584b8921654478d5c10, type: 3}
      propertyPath: m_LocalEulerAnglesHint.y
      value: -357.181
      objectReference: {fileID: 0}
    - target: {fileID: 4347554854199529878, guid: 51625042da564584b8921654478d5c10, type: 3}
      propertyPath: m_LocalEulerAnglesHint.z
      value: 83.90401
      objectReference: {fileID: 0}
    m_RemovedComponents: []
  m_SourcePrefab: {fileID: 100100000, guid: 51625042da564584b8921654478d5c10, type: 3}
--- !u!4 &4347554854305215535 stripped
Transform:
  m_CorrespondingSourceObject: {fileID: 4347554854199529878, guid: 51625042da564584b8921654478d5c10, type: 3}
  m_PrefabInstance: {fileID: 4347554854305215534}
  m_PrefabAsset: {fileID: 0}
--- !u!1001 &4985851081592633923
PrefabInstance:
  m_ObjectHideFlags: 0
  serializedVersion: 2
  m_Modification:
    m_TransformParent: {fileID: 1102479678}
    m_Modifications:
    - target: {fileID: 4985851079920513742, guid: f14309890a1e37e43acaf67419b1f164, type: 3}
      propertyPath: m_RootOrder
      value: 0
      objectReference: {fileID: 0}
    - target: {fileID: 4985851079920513742, guid: f14309890a1e37e43acaf67419b1f164, type: 3}
      propertyPath: m_LocalPosition.x
      value: -16.6
      objectReference: {fileID: 0}
    - target: {fileID: 4985851079920513742, guid: f14309890a1e37e43acaf67419b1f164, type: 3}
      propertyPath: m_LocalPosition.y
      value: -3.48
      objectReference: {fileID: 0}
    - target: {fileID: 4985851079920513742, guid: f14309890a1e37e43acaf67419b1f164, type: 3}
      propertyPath: m_LocalPosition.z
      value: 19.3
      objectReference: {fileID: 0}
    - target: {fileID: 4985851079920513742, guid: f14309890a1e37e43acaf67419b1f164, type: 3}
      propertyPath: m_LocalRotation.w
      value: 0.543038
      objectReference: {fileID: 0}
    - target: {fileID: 4985851079920513742, guid: f14309890a1e37e43acaf67419b1f164, type: 3}
      propertyPath: m_LocalRotation.x
      value: -0
      objectReference: {fileID: 0}
    - target: {fileID: 4985851079920513742, guid: f14309890a1e37e43acaf67419b1f164, type: 3}
      propertyPath: m_LocalRotation.y
      value: -0.83970815
      objectReference: {fileID: 0}
    - target: {fileID: 4985851079920513742, guid: f14309890a1e37e43acaf67419b1f164, type: 3}
      propertyPath: m_LocalRotation.z
      value: -0
      objectReference: {fileID: 0}
    - target: {fileID: 4985851079920513742, guid: f14309890a1e37e43acaf67419b1f164, type: 3}
      propertyPath: m_LocalEulerAnglesHint.x
      value: 0
      objectReference: {fileID: 0}
    - target: {fileID: 4985851079920513742, guid: f14309890a1e37e43acaf67419b1f164, type: 3}
      propertyPath: m_LocalEulerAnglesHint.y
      value: -114.219
      objectReference: {fileID: 0}
    - target: {fileID: 4985851079920513742, guid: f14309890a1e37e43acaf67419b1f164, type: 3}
      propertyPath: m_LocalEulerAnglesHint.z
      value: 0
      objectReference: {fileID: 0}
    - target: {fileID: 4985851079920938734, guid: f14309890a1e37e43acaf67419b1f164, type: 3}
      propertyPath: m_Name
      value: Standingstone_05_Skully
      objectReference: {fileID: 0}
    m_RemovedComponents: []
  m_SourcePrefab: {fileID: 100100000, guid: f14309890a1e37e43acaf67419b1f164, type: 3}
--- !u!1001 &6314305127705641610
PrefabInstance:
  m_ObjectHideFlags: 0
  serializedVersion: 2
  m_Modification:
    m_TransformParent: {fileID: 100597252}
    m_Modifications:
    - target: {fileID: 6314305128370977852, guid: c19c930766faff44c8c309d2d673f9fc, type: 3}
      propertyPath: m_Name
      value: StandingStone_08_Chipped
      objectReference: {fileID: 0}
    - target: {fileID: 6314305128370977853, guid: c19c930766faff44c8c309d2d673f9fc, type: 3}
      propertyPath: m_RootOrder
      value: 0
      objectReference: {fileID: 0}
    - target: {fileID: 6314305128370977853, guid: c19c930766faff44c8c309d2d673f9fc, type: 3}
      propertyPath: m_LocalScale.y
      value: 0.90014976
      objectReference: {fileID: 0}
    - target: {fileID: 6314305128370977853, guid: c19c930766faff44c8c309d2d673f9fc, type: 3}
      propertyPath: m_LocalPosition.x
      value: 26.83
      objectReference: {fileID: 0}
    - target: {fileID: 6314305128370977853, guid: c19c930766faff44c8c309d2d673f9fc, type: 3}
      propertyPath: m_LocalPosition.y
      value: 0.69
      objectReference: {fileID: 0}
    - target: {fileID: 6314305128370977853, guid: c19c930766faff44c8c309d2d673f9fc, type: 3}
      propertyPath: m_LocalPosition.z
      value: -1.57
      objectReference: {fileID: 0}
    - target: {fileID: 6314305128370977853, guid: c19c930766faff44c8c309d2d673f9fc, type: 3}
      propertyPath: m_LocalRotation.w
      value: 0.05872637
      objectReference: {fileID: 0}
    - target: {fileID: 6314305128370977853, guid: c19c930766faff44c8c309d2d673f9fc, type: 3}
      propertyPath: m_LocalRotation.x
      value: 0.69846475
      objectReference: {fileID: 0}
    - target: {fileID: 6314305128370977853, guid: c19c930766faff44c8c309d2d673f9fc, type: 3}
      propertyPath: m_LocalRotation.y
      value: 0.68574846
      objectReference: {fileID: 0}
    - target: {fileID: 6314305128370977853, guid: c19c930766faff44c8c309d2d673f9fc, type: 3}
      propertyPath: m_LocalRotation.z
      value: -0.19607991
      objectReference: {fileID: 0}
    - target: {fileID: 6314305128370977853, guid: c19c930766faff44c8c309d2d673f9fc, type: 3}
      propertyPath: m_LocalEulerAnglesHint.x
      value: 20.546
      objectReference: {fileID: 0}
    - target: {fileID: 6314305128370977853, guid: c19c930766faff44c8c309d2d673f9fc, type: 3}
      propertyPath: m_LocalEulerAnglesHint.y
      value: 191.917
      objectReference: {fileID: 0}
    - target: {fileID: 6314305128370977853, guid: c19c930766faff44c8c309d2d673f9fc, type: 3}
      propertyPath: m_LocalEulerAnglesHint.z
      value: 93.22
      objectReference: {fileID: 0}
    m_RemovedComponents: []
  m_SourcePrefab: {fileID: 100100000, guid: c19c930766faff44c8c309d2d673f9fc, type: 3}
--- !u!4 &6314305127705641611 stripped
Transform:
  m_CorrespondingSourceObject: {fileID: 6314305128370977853, guid: c19c930766faff44c8c309d2d673f9fc, type: 3}
  m_PrefabInstance: {fileID: 6314305127705641610}
  m_PrefabAsset: {fileID: 0}
--- !u!1001 &7201432550831003140
PrefabInstance:
  m_ObjectHideFlags: 0
  serializedVersion: 2
  m_Modification:
    m_TransformParent: {fileID: 391915152}
    m_Modifications:
    - target: {fileID: 7201432552381686710, guid: 6eef2907e87241e408520ac2be7c61e0, type: 3}
      propertyPath: m_Name
      value: StandingStone_11_Plumpy-Clean
      objectReference: {fileID: 0}
    - target: {fileID: 7201432552381686711, guid: 6eef2907e87241e408520ac2be7c61e0, type: 3}
      propertyPath: m_RootOrder
      value: 2
      objectReference: {fileID: 0}
    - target: {fileID: 7201432552381686711, guid: 6eef2907e87241e408520ac2be7c61e0, type: 3}
      propertyPath: m_LocalScale.x
      value: 3.092496
      objectReference: {fileID: 0}
    - target: {fileID: 7201432552381686711, guid: 6eef2907e87241e408520ac2be7c61e0, type: 3}
      propertyPath: m_LocalScale.y
      value: 3.0924954
      objectReference: {fileID: 0}
    - target: {fileID: 7201432552381686711, guid: 6eef2907e87241e408520ac2be7c61e0, type: 3}
      propertyPath: m_LocalScale.z
      value: 3.0924945
      objectReference: {fileID: 0}
    - target: {fileID: 7201432552381686711, guid: 6eef2907e87241e408520ac2be7c61e0, type: 3}
      propertyPath: m_LocalPosition.x
      value: 28.29
      objectReference: {fileID: 0}
    - target: {fileID: 7201432552381686711, guid: 6eef2907e87241e408520ac2be7c61e0, type: 3}
      propertyPath: m_LocalPosition.y
      value: 0.3671019
      objectReference: {fileID: 0}
    - target: {fileID: 7201432552381686711, guid: 6eef2907e87241e408520ac2be7c61e0, type: 3}
      propertyPath: m_LocalPosition.z
      value: -5.5
      objectReference: {fileID: 0}
    - target: {fileID: 7201432552381686711, guid: 6eef2907e87241e408520ac2be7c61e0, type: 3}
      propertyPath: m_LocalRotation.w
      value: -0.52437854
      objectReference: {fileID: 0}
    - target: {fileID: 7201432552381686711, guid: 6eef2907e87241e408520ac2be7c61e0, type: 3}
      propertyPath: m_LocalRotation.x
      value: 0.55589867
      objectReference: {fileID: 0}
    - target: {fileID: 7201432552381686711, guid: 6eef2907e87241e408520ac2be7c61e0, type: 3}
      propertyPath: m_LocalRotation.y
      value: 0.47980073
      objectReference: {fileID: 0}
    - target: {fileID: 7201432552381686711, guid: 6eef2907e87241e408520ac2be7c61e0, type: 3}
      propertyPath: m_LocalRotation.z
      value: -0.4310397
      objectReference: {fileID: 0}
    - target: {fileID: 7201432552381686711, guid: 6eef2907e87241e408520ac2be7c61e0, type: 3}
      propertyPath: m_LocalEulerAnglesHint.x
      value: 350.248
      objectReference: {fileID: 0}
    - target: {fileID: 7201432552381686711, guid: 6eef2907e87241e408520ac2be7c61e0, type: 3}
      propertyPath: m_LocalEulerAnglesHint.y
      value: 13225.434
      objectReference: {fileID: 0}
    - target: {fileID: 7201432552381686711, guid: 6eef2907e87241e408520ac2be7c61e0, type: 3}
      propertyPath: m_LocalEulerAnglesHint.z
      value: 1169.398
      objectReference: {fileID: 0}
    m_RemovedComponents: []
  m_SourcePrefab: {fileID: 100100000, guid: 6eef2907e87241e408520ac2be7c61e0, type: 3}
--- !u!4 &7201432550831003141 stripped
Transform:
  m_CorrespondingSourceObject: {fileID: 7201432552381686711, guid: 6eef2907e87241e408520ac2be7c61e0, type: 3}
  m_PrefabInstance: {fileID: 7201432550831003140}
  m_PrefabAsset: {fileID: 0}
--- !u!1001 &7355746148853321522
PrefabInstance:
  m_ObjectHideFlags: 0
  serializedVersion: 2
  m_Modification:
    m_TransformParent: {fileID: 653353358}
    m_Modifications:
    - target: {fileID: 7355746148338057188, guid: c6c74a7ce21beca4a95250c8fd498274, type: 3}
      propertyPath: m_RootOrder
      value: 3
      objectReference: {fileID: 0}
    - target: {fileID: 7355746148338057188, guid: c6c74a7ce21beca4a95250c8fd498274, type: 3}
      propertyPath: m_LocalScale.y
      value: 6.5063515
      objectReference: {fileID: 0}
    - target: {fileID: 7355746148338057188, guid: c6c74a7ce21beca4a95250c8fd498274, type: 3}
      propertyPath: m_LocalPosition.x
      value: 15.1
      objectReference: {fileID: 0}
    - target: {fileID: 7355746148338057188, guid: c6c74a7ce21beca4a95250c8fd498274, type: 3}
      propertyPath: m_LocalPosition.y
      value: -11.8
      objectReference: {fileID: 0}
    - target: {fileID: 7355746148338057188, guid: c6c74a7ce21beca4a95250c8fd498274, type: 3}
      propertyPath: m_LocalPosition.z
      value: -2.2
      objectReference: {fileID: 0}
    - target: {fileID: 7355746148338057188, guid: c6c74a7ce21beca4a95250c8fd498274, type: 3}
      propertyPath: m_LocalRotation.w
      value: 0.47232434
      objectReference: {fileID: 0}
    - target: {fileID: 7355746148338057188, guid: c6c74a7ce21beca4a95250c8fd498274, type: 3}
      propertyPath: m_LocalRotation.x
      value: -0.070776
      objectReference: {fileID: 0}
    - target: {fileID: 7355746148338057188, guid: c6c74a7ce21beca4a95250c8fd498274, type: 3}
      propertyPath: m_LocalRotation.y
      value: -0.87856877
      objectReference: {fileID: 0}
    - target: {fileID: 7355746148338057188, guid: c6c74a7ce21beca4a95250c8fd498274, type: 3}
      propertyPath: m_LocalRotation.z
      value: 0.0041795424
      objectReference: {fileID: 0}
    - target: {fileID: 7355746148338057188, guid: c6c74a7ce21beca4a95250c8fd498274, type: 3}
      propertyPath: m_LocalEulerAnglesHint.x
      value: -3.412
      objectReference: {fileID: 0}
    - target: {fileID: 7355746148338057188, guid: c6c74a7ce21beca4a95250c8fd498274, type: 3}
      propertyPath: m_LocalEulerAnglesHint.y
      value: -2283.695
      objectReference: {fileID: 0}
    - target: {fileID: 7355746148338057188, guid: c6c74a7ce21beca4a95250c8fd498274, type: 3}
      propertyPath: m_LocalEulerAnglesHint.z
      value: 7.385
      objectReference: {fileID: 0}
    - target: {fileID: 7355746148338148292, guid: c6c74a7ce21beca4a95250c8fd498274, type: 3}
      propertyPath: m_Name
      value: StandingStone_04-Spiky-Slim
      objectReference: {fileID: 0}
    m_RemovedComponents: []
  m_SourcePrefab: {fileID: 100100000, guid: c6c74a7ce21beca4a95250c8fd498274, type: 3}
--- !u!4 &7355746148853321523 stripped
Transform:
  m_CorrespondingSourceObject: {fileID: 7355746148338057188, guid: c6c74a7ce21beca4a95250c8fd498274, type: 3}
  m_PrefabInstance: {fileID: 7355746148853321522}
  m_PrefabAsset: {fileID: 0}
--- !u!1001 &7370816178647940244
PrefabInstance:
  m_ObjectHideFlags: 0
  serializedVersion: 2
  m_Modification:
    m_TransformParent: {fileID: 391915152}
    m_Modifications:
    - target: {fileID: 7370816179089771865, guid: 197d7dda066f695479c8478465542afc, type: 3}
      propertyPath: m_Name
      value: StandingStone_09_Plump-Dark
      objectReference: {fileID: 0}
    - target: {fileID: 7370816179089771866, guid: 197d7dda066f695479c8478465542afc, type: 3}
      propertyPath: m_RootOrder
      value: 0
      objectReference: {fileID: 0}
    - target: {fileID: 7370816179089771866, guid: 197d7dda066f695479c8478465542afc, type: 3}
      propertyPath: m_LocalScale.x
      value: 3.7692409
      objectReference: {fileID: 0}
    - target: {fileID: 7370816179089771866, guid: 197d7dda066f695479c8478465542afc, type: 3}
      propertyPath: m_LocalScale.y
      value: 3.76924
      objectReference: {fileID: 0}
    - target: {fileID: 7370816179089771866, guid: 197d7dda066f695479c8478465542afc, type: 3}
      propertyPath: m_LocalScale.z
      value: 3.7692397
      objectReference: {fileID: 0}
    - target: {fileID: 7370816179089771866, guid: 197d7dda066f695479c8478465542afc, type: 3}
      propertyPath: m_LocalPosition.x
      value: 24.75
      objectReference: {fileID: 0}
    - target: {fileID: 7370816179089771866, guid: 197d7dda066f695479c8478465542afc, type: 3}
      propertyPath: m_LocalPosition.y
      value: 0.7776224
      objectReference: {fileID: 0}
    - target: {fileID: 7370816179089771866, guid: 197d7dda066f695479c8478465542afc, type: 3}
      propertyPath: m_LocalPosition.z
      value: -4.13
      objectReference: {fileID: 0}
    - target: {fileID: 7370816179089771866, guid: 197d7dda066f695479c8478465542afc, type: 3}
      propertyPath: m_LocalRotation.w
      value: 0.14159362
      objectReference: {fileID: 0}
    - target: {fileID: 7370816179089771866, guid: 197d7dda066f695479c8478465542afc, type: 3}
      propertyPath: m_LocalRotation.x
      value: -0.6812547
      objectReference: {fileID: 0}
    - target: {fileID: 7370816179089771866, guid: 197d7dda066f695479c8478465542afc, type: 3}
      propertyPath: m_LocalRotation.y
      value: -0.6596839
      objectReference: {fileID: 0}
    - target: {fileID: 7370816179089771866, guid: 197d7dda066f695479c8478465542afc, type: 3}
      propertyPath: m_LocalRotation.z
      value: 0.28400803
      objectReference: {fileID: 0}
    - target: {fileID: 7370816179089771866, guid: 197d7dda066f695479c8478465542afc, type: 3}
      propertyPath: m_LocalEulerAnglesHint.x
      value: -349.526
      objectReference: {fileID: 0}
    - target: {fileID: 7370816179089771866, guid: 197d7dda066f695479c8478465542afc, type: 3}
      propertyPath: m_LocalEulerAnglesHint.y
      value: 6695.697
      objectReference: {fileID: 0}
    - target: {fileID: 7370816179089771866, guid: 197d7dda066f695479c8478465542afc, type: 3}
      propertyPath: m_LocalEulerAnglesHint.z
      value: 95.224
      objectReference: {fileID: 0}
    m_RemovedComponents: []
  m_SourcePrefab: {fileID: 100100000, guid: 197d7dda066f695479c8478465542afc, type: 3}
--- !u!4 &7370816178647940245 stripped
Transform:
  m_CorrespondingSourceObject: {fileID: 7370816179089771866, guid: 197d7dda066f695479c8478465542afc, type: 3}
  m_PrefabInstance: {fileID: 7370816178647940244}
  m_PrefabAsset: {fileID: 0}
--- !u!1001 &8770336687702194812
PrefabInstance:
  m_ObjectHideFlags: 0
  serializedVersion: 2
  m_Modification:
    m_TransformParent: {fileID: 391915152}
    m_Modifications:
    - target: {fileID: 8770336688191352992, guid: 6964e0fe8399ec84198e10e2dbd60186, type: 3}
      propertyPath: m_LocalPosition.x
      value: -1.49
      objectReference: {fileID: 0}
    - target: {fileID: 8770336688191352992, guid: 6964e0fe8399ec84198e10e2dbd60186, type: 3}
      propertyPath: m_LocalPosition.y
      value: 1.81
      objectReference: {fileID: 0}
    - target: {fileID: 8770336688191352992, guid: 6964e0fe8399ec84198e10e2dbd60186, type: 3}
      propertyPath: m_LocalPosition.z
      value: 0.31
      objectReference: {fileID: 0}
    - target: {fileID: 8770336688191352994, guid: 6964e0fe8399ec84198e10e2dbd60186, type: 3}
      propertyPath: m_RootOrder
      value: 1
      objectReference: {fileID: 0}
    - target: {fileID: 8770336688191352994, guid: 6964e0fe8399ec84198e10e2dbd60186, type: 3}
      propertyPath: m_LocalScale.x
      value: 5.681306
      objectReference: {fileID: 0}
    - target: {fileID: 8770336688191352994, guid: 6964e0fe8399ec84198e10e2dbd60186, type: 3}
      propertyPath: m_LocalScale.y
      value: 3.5878158
      objectReference: {fileID: 0}
    - target: {fileID: 8770336688191352994, guid: 6964e0fe8399ec84198e10e2dbd60186, type: 3}
      propertyPath: m_LocalPosition.x
      value: 33.303
      objectReference: {fileID: 0}
    - target: {fileID: 8770336688191352994, guid: 6964e0fe8399ec84198e10e2dbd60186, type: 3}
      propertyPath: m_LocalPosition.y
      value: -5.7137
      objectReference: {fileID: 0}
    - target: {fileID: 8770336688191352994, guid: 6964e0fe8399ec84198e10e2dbd60186, type: 3}
      propertyPath: m_LocalPosition.z
      value: 0.66862
      objectReference: {fileID: 0}
    - target: {fileID: 8770336688191352994, guid: 6964e0fe8399ec84198e10e2dbd60186, type: 3}
      propertyPath: m_LocalRotation.w
      value: -0.37535363
      objectReference: {fileID: 0}
    - target: {fileID: 8770336688191352994, guid: 6964e0fe8399ec84198e10e2dbd60186, type: 3}
      propertyPath: m_LocalRotation.x
      value: 0.6425573
      objectReference: {fileID: 0}
    - target: {fileID: 8770336688191352994, guid: 6964e0fe8399ec84198e10e2dbd60186, type: 3}
      propertyPath: m_LocalRotation.y
      value: -0.43002468
      objectReference: {fileID: 0}
    - target: {fileID: 8770336688191352994, guid: 6964e0fe8399ec84198e10e2dbd60186, type: 3}
      propertyPath: m_LocalRotation.z
      value: 0.51118356
      objectReference: {fileID: 0}
    - target: {fileID: 8770336688191352994, guid: 6964e0fe8399ec84198e10e2dbd60186, type: 3}
      propertyPath: m_LocalEulerAnglesHint.x
      value: -2.449
      objectReference: {fileID: 0}
    - target: {fileID: 8770336688191352994, guid: 6964e0fe8399ec84198e10e2dbd60186, type: 3}
      propertyPath: m_LocalEulerAnglesHint.y
      value: -618.71
      objectReference: {fileID: 0}
    - target: {fileID: 8770336688191352994, guid: 6964e0fe8399ec84198e10e2dbd60186, type: 3}
      propertyPath: m_LocalEulerAnglesHint.z
      value: -470.408
      objectReference: {fileID: 0}
    - target: {fileID: 8770336688191777922, guid: 6964e0fe8399ec84198e10e2dbd60186, type: 3}
      propertyPath: m_Name
      value: StandingStone_10_Plumpy-Mossy
      objectReference: {fileID: 0}
    m_RemovedComponents: []
  m_SourcePrefab: {fileID: 100100000, guid: 6964e0fe8399ec84198e10e2dbd60186, type: 3}
--- !u!4 &8770336687702194813 stripped
Transform:
  m_CorrespondingSourceObject: {fileID: 8770336688191352994, guid: 6964e0fe8399ec84198e10e2dbd60186, type: 3}
  m_PrefabInstance: {fileID: 8770336687702194812}
  m_PrefabAsset: {fileID: 0}
